
  <record>
    <leader>01000aam  22002601a 4500</leader>
    <controlfield tag="001">YPZ5623</controlfield>
    <controlfield tag="003">YPZ</controlfield>
    <controlfield tag="005">200602081453190</controlfield>
    <controlfield tag="008">060208|###########||||||b||||||||||spa|d</controlfield>
    <datafield tag="020" ind1=" " ind2=" ">
      <subfield code="a">1589480562</subfield>
    </datafield>
    <datafield tag="040" ind1=" " ind2=" ">
      <subfield code="c">SIUNPA</subfield>
    </datafield>
    <datafield tag="041" ind1=" " ind2=" ">
      <subfield code="a">eng</subfield>
    </datafield>
    <datafield tag="044" ind1=" " ind2=" ">
      <subfield code="a">US</subfield>
    </datafield>
    <datafield tag="080" ind1=" " ind2=" ">
      <subfield code="a">910.1 D261g3</subfield>
    </datafield>
    <datafield tag="100" ind1=" " ind2=" ">
      <subfield code="a">Davis, David E..</subfield>
    </datafield>
    <datafield tag="245" ind1=" " ind2=" ">
      <subfield code="a">GIS for everyone</subfield>
      <subfield code="b"> : exploring your neighborhood and your world with a geographic information system</subfield>
    </datafield>
    <datafield tag="250" ind1=" " ind2=" ">
      <subfield code="a">3rd ed.</subfield>
    </datafield>
    <datafield tag="260" ind1=" " ind2=" ">
      <subfield code="a">Redlands, Calif.</subfield>
      <subfield code="b"> : ESRI</subfield>
      <subfield code="c"> , 2003</subfield>
    </datafield>
    <datafield tag="300" ind1=" " ind2=" ">
      <subfield code="a">160 p. : </subfield>
      <subfield code="b">il. ; </subfield>
      <subfield code="a">176 p. : </subfield>
      <subfield code="b">il. ; </subfield>
      <subfield code="a">174 p. : </subfield>
      <subfield code="b">il. ; </subfield>
      <subfield code="a">407 p. : </subfield>
      <subfield code="a">192 p. : </subfield>
      <subfield code="b">il. ; </subfield>
      <subfield code="a">95 p. : </subfield>
      <subfield code="a">319 p. : </subfield>
      <subfield code="a">176 p. : </subfield>
      <subfield code="b">il. ; </subfield>
      <subfield code="a">163 p. : </subfield>
      <subfield code="a">176 p. : </subfield>
      <subfield code="b">il. ; </subfield>
      <subfield code="a">109 p. : </subfield>
      <subfield code="a">130 p. : </subfield>
      <subfield code="a">176 p. : </subfield>
      <subfield code="b">il. ; </subfield>
      <subfield code="a">127 p. : </subfield>
      <subfield code="b">il. ; </subfield>
      <subfield code="a">192 p. : </subfield>
      <subfield code="b">il. ; </subfield>
      <subfield code="a">176 p. : </subfield>
      <subfield code="b">il. ; </subfield>
      <subfield code="a">viii, 164 p. : </subfield>
      <subfield code="b">il. ; </subfield>
      <subfield code="e">1 CD-ROM en bolsillo</subfield>
    </datafield>
    <datafield tag="500" ind1=" " ind2=" ">
      <subfield code="a">Contenido del CD-ROM: ArcExplorer 2 y ArcExplorer 4 Java Edition GIS software. Tutoria, ejercicios y datos. Más de 5000 MB de datos digitales geográficos</subfield>
    </datafield>
    <datafield tag="650" ind1=" " ind2=" ">
      <subfield code="a"> SISTEMAS DE INFORMACION GEOGRAFICA</subfield>
    </datafield>
    <datafield tag="942" ind1=" " ind2=" ">
      <subfield code="c">BK</subfield>
    </datafield>
    <datafield tag="952" ind1=" " ind2=" ">
      <subfield code="a">BIB_RECT</subfield>
      <subfield code="b">BIB_UACO</subfield>
      <subfield code="d">2005-11-08</subfield>
      <subfield code="y">BK</subfield>
      <subfield code="p">02-29490</subfield>
      <subfield code="i">02-29490</subfield>
      <subfield code="g">64.26</subfield>
      <subfield code="o">910.1 D261g3</subfield>
      <subfield code="e">SIUNPA</subfield>
      <subfield code="8">CG</subfield>
    </datafield>
  </record>