
  <record>
    <leader>01000aam  22002601a 4500</leader>
    <controlfield tag="001">YPZ5648</controlfield>
    <controlfield tag="003">YPZ</controlfield>
    <controlfield tag="005">200602131110170</controlfield>
    <controlfield tag="008">060213|###########||||||b||||||||||spa|d</controlfield>
    <datafield tag="020" ind1=" " ind2=" ">
      <subfield code="a">8428327173</subfield>
    </datafield>
    <datafield tag="040" ind1=" " ind2=" ">
      <subfield code="c">SIUNPA</subfield>
    </datafield>
    <datafield tag="041" ind1=" " ind2=" ">
      <subfield code="a">spa</subfield>
    </datafield>
    <datafield tag="044" ind1=" " ind2=" ">
      <subfield code="a">ES</subfield>
    </datafield>
    <datafield tag="080" ind1=" " ind2=" ">
      <subfield code="a">581.1 S167f</subfield>
    </datafield>
    <datafield tag="100" ind1=" " ind2=" ">
      <subfield code="a">Salisbury, Frank B..</subfield>
    </datafield>
    <datafield tag="700" ind1=" " ind2=" ">
      <subfield code="a">Ross, Cleon W..</subfield>
    </datafield>
    <datafield tag="245" ind1=" " ind2=" ">
      <subfield code="a">Fisiología de las plantas</subfield>
      <subfield code="c"> / Alonso, José Manuel, tr.</subfield>
    </datafield>
    <datafield tag="260" ind1=" " ind2=" ">
      <subfield code="a">Madrid</subfield>
      <subfield code="b"> : Paraninfo</subfield>
      <subfield code="c"> , 2000</subfield>
    </datafield>
    <datafield tag="505" ind1=" " ind2=" ">
      <subfield code="a">Contenido: v.1. Células: agua, soluciones y superficies - v.2. Bioquímica vegetal - v.3. Desarrollo de las plantas y fisiología ambiental</subfield>
    </datafield>
    <datafield tag="650" ind1=" " ind2=" ">
      <subfield code="a"> FISIOLOGIA VEGETAL</subfield>
    </datafield>
    <datafield tag="650" ind1=" " ind2=" ">
      <subfield code="a"> BIOQUIMICA</subfield>
    </datafield>
    <datafield tag="942" ind1=" " ind2=" ">
      <subfield code="c">BK</subfield>
    </datafield>
    <datafield tag="952" ind1=" " ind2=" ">
      <subfield code="a">BIB_RECT</subfield>
      <subfield code="b">BIB_UARG</subfield>
      <subfield code="d">2005-11-01</subfield>
      <subfield code="y">BK</subfield>
      <subfield code="p">05-29350</subfield>
      <subfield code="i">05-29350</subfield>
      <subfield code="g">49.6</subfield>
      <subfield code="o">581.1 S167f</subfield>
      <subfield code="e">SIUNPA</subfield>
      <subfield code="8">CG</subfield>
    </datafield>
    <datafield tag="952" ind1=" " ind2=" ">
      <subfield code="a">BIB_RECT</subfield>
      <subfield code="b">BIB_UARG</subfield>
      <subfield code="d">2005-11-01</subfield>
      <subfield code="y">BK</subfield>
      <subfield code="p">05-29351</subfield>
      <subfield code="i">05-29351</subfield>
      <subfield code="g">49.6</subfield>
      <subfield code="o">581.1 S167f</subfield>
      <subfield code="e">SIUNPA</subfield>
      <subfield code="8">CG</subfield>
    </datafield>
    <datafield tag="952" ind1=" " ind2=" ">
      <subfield code="a">BIB_RECT</subfield>
      <subfield code="b">BIB_UARG</subfield>
      <subfield code="d">2005-11-01</subfield>
      <subfield code="y">BK</subfield>
      <subfield code="p">05-29352</subfield>
      <subfield code="i">05-29352</subfield>
      <subfield code="g">49.6</subfield>
      <subfield code="o">581.1 S167f</subfield>
      <subfield code="e">SIUNPA</subfield>
      <subfield code="8">CG</subfield>
    </datafield>
    <datafield tag="952" ind1=" " ind2=" ">
      <subfield code="a">BIB_RECT</subfield>
      <subfield code="b">BIB_UARG</subfield>
      <subfield code="d">2005-11-01</subfield>
      <subfield code="y">BK</subfield>
      <subfield code="p">05-29353</subfield>
      <subfield code="i">05-29353</subfield>
      <subfield code="g">49.6</subfield>
      <subfield code="o">581.1 S167f</subfield>
      <subfield code="e">SIUNPA</subfield>
      <subfield code="8">CG</subfield>
    </datafield>
    <datafield tag="952" ind1=" " ind2=" ">
      <subfield code="a">BIB_RECT</subfield>
      <subfield code="b">BIB_UARG</subfield>
      <subfield code="d">2005-11-01</subfield>
      <subfield code="y">BK</subfield>
      <subfield code="p">05-29354</subfield>
      <subfield code="i">05-29354</subfield>
      <subfield code="g">49.6</subfield>
      <subfield code="o">581.1 S167f</subfield>
      <subfield code="e">SIUNPA</subfield>
      <subfield code="8">CG</subfield>
    </datafield>
    <datafield tag="952" ind1=" " ind2=" ">
      <subfield code="a">BIB_RECT</subfield>
      <subfield code="b">BIB_UARG</subfield>
      <subfield code="d">2005-11-01</subfield>
      <subfield code="y">BK</subfield>
      <subfield code="p">05-29355</subfield>
      <subfield code="i">05-29355</subfield>
      <subfield code="g">49.6</subfield>
      <subfield code="o">581.1 S167f</subfield>
      <subfield code="e">SIUNPA</subfield>
      <subfield code="8">CG</subfield>
    </datafield>
    <datafield tag="952" ind1=" " ind2=" ">
      <subfield code="a">BIB_RECT</subfield>
      <subfield code="b">BIB_UARG</subfield>
      <subfield code="d">2005-11-01</subfield>
      <subfield code="y">BK</subfield>
      <subfield code="p">05-29356</subfield>
      <subfield code="i">05-29356</subfield>
      <subfield code="g">49.6</subfield>
      <subfield code="o">581.1 S167f</subfield>
      <subfield code="e">SIUNPA</subfield>
      <subfield code="8">CG</subfield>
    </datafield>
    <datafield tag="952" ind1=" " ind2=" ">
      <subfield code="a">BIB_RECT</subfield>
      <subfield code="b">BIB_UARG</subfield>
      <subfield code="d">2005-11-01</subfield>
      <subfield code="y">BK</subfield>
      <subfield code="p">05-29357</subfield>
      <subfield code="i">05-29357</subfield>
      <subfield code="g">49.6</subfield>
      <subfield code="o">581.1 S167f</subfield>
      <subfield code="e">SIUNPA</subfield>
      <subfield code="8">CG</subfield>
    </datafield>
    <datafield tag="952" ind1=" " ind2=" ">
      <subfield code="a">BIB_RECT</subfield>
      <subfield code="b">BIB_UARG</subfield>
      <subfield code="d">2005-11-01</subfield>
      <subfield code="y">BK</subfield>
      <subfield code="p">05-29358</subfield>
      <subfield code="i">05-29358</subfield>
      <subfield code="g">49.6</subfield>
      <subfield code="o">581.1 S167f</subfield>
      <subfield code="e">SIUNPA</subfield>
      <subfield code="8">CG</subfield>
    </datafield>
    <datafield tag="952" ind1=" " ind2=" ">
      <subfield code="a">BIB_RECT</subfield>
      <subfield code="b">BIB_UARG</subfield>
      <subfield code="d">2005-11-01</subfield>
      <subfield code="y">BK</subfield>
      <subfield code="p">05-29359</subfield>
      <subfield code="i">05-29359</subfield>
      <subfield code="g">49.6</subfield>
      <subfield code="o">581.1 S167f</subfield>
      <subfield code="e">SIUNPA</subfield>
      <subfield code="8">CG</subfield>
    </datafield>
    <datafield tag="952" ind1=" " ind2=" ">
      <subfield code="a">BIB_RECT</subfield>
      <subfield code="b">BIB_UARG</subfield>
      <subfield code="d">2005-11-01</subfield>
      <subfield code="y">BK</subfield>
      <subfield code="p">05-29360</subfield>
      <subfield code="i">05-29360</subfield>
      <subfield code="g">49.6</subfield>
      <subfield code="o">581.1 S167f</subfield>
      <subfield code="e">SIUNPA</subfield>
      <subfield code="8">CG</subfield>
    </datafield>
    <datafield tag="952" ind1=" " ind2=" ">
      <subfield code="a">BIB_RECT</subfield>
      <subfield code="b">BIB_UARG</subfield>
      <subfield code="d">2005-11-01</subfield>
      <subfield code="y">BK</subfield>
      <subfield code="p">05-29361</subfield>
      <subfield code="i">05-29361</subfield>
      <subfield code="g">49.6</subfield>
      <subfield code="o">581.1 S167f</subfield>
      <subfield code="e">SIUNPA</subfield>
      <subfield code="8">CG</subfield>
    </datafield>
    <datafield tag="952" ind1=" " ind2=" ">
      <subfield code="a">BIB_RECT</subfield>
      <subfield code="b">BIB_UARG</subfield>
      <subfield code="d">2005-11-01</subfield>
      <subfield code="y">BK</subfield>
      <subfield code="p">05-29362</subfield>
      <subfield code="i">05-29362</subfield>
      <subfield code="g">49.6</subfield>
      <subfield code="o">581.1 S167f</subfield>
      <subfield code="e">SIUNPA</subfield>
      <subfield code="8">CG</subfield>
    </datafield>
    <datafield tag="952" ind1=" " ind2=" ">
      <subfield code="a">BIB_RECT</subfield>
      <subfield code="b">BIB_UARG</subfield>
      <subfield code="d">2005-11-01</subfield>
      <subfield code="y">BK</subfield>
      <subfield code="p">05-29363</subfield>
      <subfield code="i">05-29363</subfield>
      <subfield code="g">49.6</subfield>
      <subfield code="o">581.1 S167f</subfield>
      <subfield code="e">SIUNPA</subfield>
      <subfield code="8">CG</subfield>
    </datafield>
    <datafield tag="952" ind1=" " ind2=" ">
      <subfield code="a">BIB_RECT</subfield>
      <subfield code="b">BIB_UARG</subfield>
      <subfield code="d">2005-11-01</subfield>
      <subfield code="y">BK</subfield>
      <subfield code="p">05-29364</subfield>
      <subfield code="i">05-29364</subfield>
      <subfield code="g">49.6</subfield>
      <subfield code="o">581.1 S167f</subfield>
      <subfield code="e">SIUNPA</subfield>
      <subfield code="8">CG</subfield>
    </datafield>
    <datafield tag="952" ind1=" " ind2=" ">
      <subfield code="a">BIB_RECT</subfield>
      <subfield code="b">BIB_UARG</subfield>
      <subfield code="d">2007-03-12</subfield>
      <subfield code="y">BK</subfield>
      <subfield code="p">05-31525</subfield>
      <subfield code="i">05-31525</subfield>
      <subfield code="g">55.5</subfield>
      <subfield code="o">581.1 S167f</subfield>
      <subfield code="e">SIUNPA</subfield>
      <subfield code="8">CG</subfield>
    </datafield>
    <datafield tag="952" ind1=" " ind2=" ">
      <subfield code="a">BIB_RECT</subfield>
      <subfield code="b">BIB_UARG</subfield>
      <subfield code="d">2007-03-05</subfield>
      <subfield code="y">BK</subfield>
      <subfield code="p">05-31526</subfield>
      <subfield code="i">05-31526</subfield>
      <subfield code="g">55.5</subfield>
      <subfield code="o">581.1 S167f</subfield>
      <subfield code="e">SIUNPA</subfield>
      <subfield code="8">CG</subfield>
    </datafield>
    <datafield tag="952" ind1=" " ind2=" ">
      <subfield code="a">BIB_RECT</subfield>
      <subfield code="b">BIB_UARG</subfield>
      <subfield code="d">2007-03-12</subfield>
      <subfield code="y">BK</subfield>
      <subfield code="p">05-31527</subfield>
      <subfield code="i">05-31527</subfield>
      <subfield code="g">55.5</subfield>
      <subfield code="o">581.1 S167f</subfield>
      <subfield code="e">SIUNPA</subfield>
      <subfield code="8">CG</subfield>
    </datafield>
    <datafield tag="952" ind1=" " ind2=" ">
      <subfield code="a">BIB_RECT</subfield>
      <subfield code="b">BIB_UARG</subfield>
      <subfield code="d">2007-03-12</subfield>
      <subfield code="y">BK</subfield>
      <subfield code="p">05-31528</subfield>
      <subfield code="i">05-31528</subfield>
      <subfield code="g">55.5</subfield>
      <subfield code="o">581.1 S167f</subfield>
      <subfield code="e">SIUNPA</subfield>
      <subfield code="8">CG</subfield>
    </datafield>
    <datafield tag="952" ind1=" " ind2=" ">
      <subfield code="a">BIB_RECT</subfield>
      <subfield code="b">BIB_UARG</subfield>
      <subfield code="d">2007-03-12</subfield>
      <subfield code="y">BK</subfield>
      <subfield code="p">05-31529</subfield>
      <subfield code="i">05-31529</subfield>
      <subfield code="g">55.5</subfield>
      <subfield code="o">581.1 S167f</subfield>
      <subfield code="e">SIUNPA</subfield>
      <subfield code="8">CG</subfield>
    </datafield>
    <datafield tag="952" ind1=" " ind2=" ">
      <subfield code="a">BIB_RECT</subfield>
      <subfield code="b">BIB_UARG</subfield>
      <subfield code="d">2007-03-12</subfield>
      <subfield code="y">BK</subfield>
      <subfield code="p">05-31530</subfield>
      <subfield code="i">05-31530</subfield>
      <subfield code="g">55.5</subfield>
      <subfield code="o">581.1 S167f</subfield>
      <subfield code="e">SIUNPA</subfield>
      <subfield code="8">CG</subfield>
    </datafield>
  </record>