
  <record>
    <leader>01000aam  22002601a 4500</leader>
    <controlfield tag="001">YPZ5687</controlfield>
    <controlfield tag="003">YPZ</controlfield>
    <controlfield tag="005">200602161905570</controlfield>
    <controlfield tag="008">060216|###########||||||b||||||||||spa|d</controlfield>
    <datafield tag="040" ind1=" " ind2=" ">
      <subfield code="c">SIUNPA</subfield>
    </datafield>
    <datafield tag="041" ind1=" " ind2=" ">
      <subfield code="a">spa</subfield>
    </datafield>
    <datafield tag="044" ind1=" " ind2=" ">
      <subfield code="a">AR</subfield>
    </datafield>
    <datafield tag="080" ind1=" " ind2=" ">
      <subfield code="a">821.134.2(82) G984j</subfield>
    </datafield>
    <datafield tag="100" ind1=" " ind2=" ">
      <subfield code="a">Gutiérrez, Eduardo.</subfield>
    </datafield>
    <datafield tag="245" ind1=" " ind2=" ">
      <subfield code="a">Juan Moreira</subfield>
      <subfield code="c"> / Rivera, Jorge B., pról. y notas</subfield>
    </datafield>
    <datafield tag="260" ind1=" " ind2=" ">
      <subfield code="a">Buenos Aires</subfield>
      <subfield code="b"> : Centro Editor de América Latina</subfield>
      <subfield code="c"> , 1980</subfield>
    </datafield>
    <datafield tag="440" ind1=" " ind2=" ">
      <subfield code="a">Debate socioeducativo</subfield>
      <subfield code="a">Colección Educación y conocimiento</subfield>
      <subfield code="a">Pedagogía. Manuales</subfield>
      <subfield code="a">Biblioteca argentina fundamental</subfield>
      <subfield code="v">32</subfield>
    </datafield>
    <datafield tag="490" ind1=" " ind2=" ">
      <subfield code="a">Debate socioeducativo</subfield>
      <subfield code="a">Colección Educación y conocimiento</subfield>
      <subfield code="a">Pedagogía. Manuales</subfield>
      <subfield code="a">Biblioteca argentina fundamental</subfield>
      <subfield code="v">32</subfield>
    </datafield>
    <datafield tag="650" ind1=" " ind2=" ">
      <subfield code="a"> LITERATURA ARGENTINA</subfield>
    </datafield>
    <datafield tag="650" ind1=" " ind2=" ">
      <subfield code="a"> NOVELA</subfield>
    </datafield>
    <datafield tag="942" ind1=" " ind2=" ">
      <subfield code="c">BK</subfield>
    </datafield>
    <datafield tag="952" ind1=" " ind2=" ">
      <subfield code="a">BIB_RECT</subfield>
      <subfield code="b">BIB_UACO</subfield>
      <subfield code="d">2008-08-29</subfield>
      <subfield code="y">BK</subfield>
      <subfield code="p">02-01781</subfield>
      <subfield code="i">02-01781</subfield>
      <subfield code="g">18</subfield>
      <subfield code="o">821.134.2(82) G984j</subfield>
      <subfield code="e">Desconocido</subfield>
      <subfield code="8">CG</subfield>
    </datafield>
    <datafield tag="952" ind1=" " ind2=" ">
      <subfield code="a">BIB_RECT</subfield>
      <subfield code="b">BIB_UARG</subfield>
      <subfield code="d">2005-08-23</subfield>
      <subfield code="y">BK</subfield>
      <subfield code="p">05-28808</subfield>
      <subfield code="i">05-28808</subfield>
      <subfield code="g">18</subfield>
      <subfield code="o">821.134.2(82) G984j</subfield>
      <subfield code="e">SIUNPA</subfield>
      <subfield code="8">CG</subfield>
    </datafield>
  </record>