
  <record>
    <leader>01000aam  22002601a 4500</leader>
    <controlfield tag="001">YPZ5731</controlfield>
    <controlfield tag="003">YPZ</controlfield>
    <controlfield tag="005">200603071557550</controlfield>
    <controlfield tag="008">060307|###########||||||b||||||||||spa|d</controlfield>
    <datafield tag="020" ind1=" " ind2=" ">
      <subfield code="a">9871105754</subfield>
    </datafield>
    <datafield tag="040" ind1=" " ind2=" ">
      <subfield code="c">SIUNPA</subfield>
    </datafield>
    <datafield tag="041" ind1=" " ind2=" ">
      <subfield code="a">spa</subfield>
    </datafield>
    <datafield tag="044" ind1=" " ind2=" ">
      <subfield code="a">AR</subfield>
    </datafield>
    <datafield tag="080" ind1=" " ind2=" ">
      <subfield code="a">94(82) D614p</subfield>
    </datafield>
    <datafield tag="100" ind1=" " ind2=" ">
      <subfield code="a">Di Stefano, Roberto.</subfield>
    </datafield>
    <datafield tag="245" ind1=" " ind2=" ">
      <subfield code="a">El púlpito y la plaza</subfield>
      <subfield code="b"> : clero, sociedad y política de la monarquía católica a la república rosista</subfield>
    </datafield>
    <datafield tag="260" ind1=" " ind2=" ">
      <subfield code="a">Buenos Aires</subfield>
      <subfield code="b"> : Siglo Veintiuno</subfield>
      <subfield code="c"> , 2004</subfield>
    </datafield>
    <datafield tag="440" ind1=" " ind2=" ">
      <subfield code="a">Colección Pedagogía. Manuales</subfield>
      <subfield code="a">Colección pedagogía. Educación infantil y primaria</subfield>
      <subfield code="a">Ariel referencia</subfield>
      <subfield code="a">Colección Psicología. Manuales</subfield>
      <subfield code="a">Colección pensamiento contemporáneo</subfield>
      <subfield code="a">Colección Teorema. Serie mayor</subfield>
      <subfield code="a">Historia y cultura</subfield>
      <subfield code="v">7</subfield>
    </datafield>
    <datafield tag="490" ind1=" " ind2=" ">
      <subfield code="a">Colección Pedagogía. Manuales</subfield>
      <subfield code="a">Colección pedagogía. Educación infantil y primaria</subfield>
      <subfield code="a">Ariel referencia</subfield>
      <subfield code="a">Colección Psicología. Manuales</subfield>
      <subfield code="a">Colección pensamiento contemporáneo</subfield>
      <subfield code="a">Colección Teorema. Serie mayor</subfield>
      <subfield code="a">Historia y cultura</subfield>
      <subfield code="v">7</subfield>
    </datafield>
    <datafield tag="650" ind1=" " ind2=" ">
      <subfield code="a"> HISTORIA ARGENTINA</subfield>
    </datafield>
    <datafield tag="650" ind1=" " ind2=" ">
      <subfield code="a"> SIGLO XVIII</subfield>
    </datafield>
    <datafield tag="650" ind1=" " ind2=" ">
      <subfield code="a"> RELIGION</subfield>
    </datafield>
    <datafield tag="650" ind1=" " ind2=" ">
      <subfield code="a"> IGLESIA CATOLICA</subfield>
    </datafield>
    <datafield tag="942" ind1=" " ind2=" ">
      <subfield code="c">BK</subfield>
    </datafield>
    <datafield tag="952" ind1=" " ind2=" ">
      <subfield code="a">BIB_RECT</subfield>
      <subfield code="b">BIB_UARG</subfield>
      <subfield code="d">2006-02-08</subfield>
      <subfield code="y">BK</subfield>
      <subfield code="p">05-29633</subfield>
      <subfield code="i">05-29633</subfield>
      <subfield code="g">28</subfield>
      <subfield code="o">94(82) D614p</subfield>
      <subfield code="e">Donación Pierini, Ma. de los Milagros</subfield>
      <subfield code="8">CG</subfield>
    </datafield>
  </record>