
  <record>
    <leader>01000aam  22002601a 4500</leader>
    <controlfield tag="001">YPZ5761</controlfield>
    <controlfield tag="003">YPZ</controlfield>
    <controlfield tag="005">200603111051540</controlfield>
    <controlfield tag="008">060311|###########||||||b||||||||||spa|d</controlfield>
    <datafield tag="020" ind1=" " ind2=" ">
      <subfield code="a">9871013353</subfield>
    </datafield>
    <datafield tag="040" ind1=" " ind2=" ">
      <subfield code="c">SIUNPA</subfield>
    </datafield>
    <datafield tag="041" ind1=" " ind2=" ">
      <subfield code="a">spa</subfield>
    </datafield>
    <datafield tag="044" ind1=" " ind2=" ">
      <subfield code="a">AR</subfield>
    </datafield>
    <datafield tag="080" ind1=" " ind2=" ">
      <subfield code="a">001.1 C438q</subfield>
    </datafield>
    <datafield tag="100" ind1=" " ind2=" ">
      <subfield code="a">Chalmers, Alan F..</subfield>
    </datafield>
    <datafield tag="245" ind1=" " ind2=" ">
      <subfield code="a">¿Qué es esa cosa llamada ciencia?</subfield>
      <subfield code="c"> / Padilla Villate, José, tr. ; López Máñez, Pilar, tr. ; Pérez Sedeño, Eulalia, tr.</subfield>
    </datafield>
    <datafield tag="250" ind1=" " ind2=" ">
      <subfield code="a">1a ed., 4a. reimpr.</subfield>
    </datafield>
    <datafield tag="260" ind1=" " ind2=" ">
      <subfield code="a">Buenos Aires</subfield>
      <subfield code="b"> : Siglo Veintiuno</subfield>
      <subfield code="c"> , 2005</subfield>
    </datafield>
    <datafield tag="650" ind1=" " ind2=" ">
      <subfield code="a"> CIENCIA  FEYERABEND, PAUL</subfield>
    </datafield>
    <datafield tag="650" ind1=" " ind2=" ">
      <subfield code="a"> CONOCIMIENTO</subfield>
    </datafield>
    <datafield tag="650" ind1=" " ind2=" ">
      <subfield code="a"> METODO CIENTIFICO</subfield>
    </datafield>
    <datafield tag="650" ind1=" " ind2=" ">
      <subfield code="a"> FILOSOFIA DE LA CIENCIA</subfield>
    </datafield>
    <datafield tag="650" ind1=" " ind2=" ">
      <subfield code="a"> KUHN, THOMAS</subfield>
    </datafield>
    <datafield tag="942" ind1=" " ind2=" ">
      <subfield code="c">BK</subfield>
    </datafield>
    <datafield tag="952" ind1=" " ind2=" ">
      <subfield code="a">BIB_RECT</subfield>
      <subfield code="b">BIB_UACO</subfield>
      <subfield code="d">2006-03-03</subfield>
      <subfield code="y">BK</subfield>
      <subfield code="p">02-29826</subfield>
      <subfield code="i">02-29826</subfield>
      <subfield code="g">24</subfield>
      <subfield code="o">001.1 C438q</subfield>
      <subfield code="e">UACO</subfield>
      <subfield code="8">CG</subfield>
    </datafield>
    <datafield tag="952" ind1=" " ind2=" ">
      <subfield code="a">BIB_RECT</subfield>
      <subfield code="b">BIB_UACO</subfield>
      <subfield code="d">2006-03-03</subfield>
      <subfield code="y">BK</subfield>
      <subfield code="p">02-29827</subfield>
      <subfield code="i">02-29827</subfield>
      <subfield code="g">24</subfield>
      <subfield code="o">001.1 C438q</subfield>
      <subfield code="e">UACO</subfield>
      <subfield code="8">CG</subfield>
    </datafield>
    <datafield tag="952" ind1=" " ind2=" ">
      <subfield code="a">BIB_RECT</subfield>
      <subfield code="b">BIB_UACO</subfield>
      <subfield code="d">2006-03-03</subfield>
      <subfield code="y">BK</subfield>
      <subfield code="p">02-29828</subfield>
      <subfield code="i">02-29828</subfield>
      <subfield code="g">24</subfield>
      <subfield code="o">001.1 C438q</subfield>
      <subfield code="e">UACO</subfield>
      <subfield code="8">CG</subfield>
    </datafield>
    <datafield tag="952" ind1=" " ind2=" ">
      <subfield code="a">BIB_RECT</subfield>
      <subfield code="b">BIB_UACO</subfield>
      <subfield code="d">2006-03-03</subfield>
      <subfield code="y">BK</subfield>
      <subfield code="p">02-29829</subfield>
      <subfield code="i">02-29829</subfield>
      <subfield code="g">24</subfield>
      <subfield code="o">001.1 C438q</subfield>
      <subfield code="e">UACO</subfield>
      <subfield code="8">CG</subfield>
    </datafield>
    <datafield tag="952" ind1=" " ind2=" ">
      <subfield code="a">BIB_RECT</subfield>
      <subfield code="b">BIB_UACO</subfield>
      <subfield code="d">2006-03-03</subfield>
      <subfield code="y">BK</subfield>
      <subfield code="p">02-29830</subfield>
      <subfield code="i">02-29830</subfield>
      <subfield code="g">24</subfield>
      <subfield code="o">001.1 C438q</subfield>
      <subfield code="e">UACO</subfield>
      <subfield code="8">CG</subfield>
    </datafield>
    <datafield tag="952" ind1=" " ind2=" ">
      <subfield code="a">BIB_RECT</subfield>
      <subfield code="b">BIB_UACO</subfield>
      <subfield code="d">2006-03-03</subfield>
      <subfield code="y">BK</subfield>
      <subfield code="p">02-29831</subfield>
      <subfield code="i">02-29831</subfield>
      <subfield code="g">24</subfield>
      <subfield code="o">001.1 C438q</subfield>
      <subfield code="e">UACO</subfield>
      <subfield code="8">CG</subfield>
    </datafield>
    <datafield tag="952" ind1=" " ind2=" ">
      <subfield code="a">BIB_RECT</subfield>
      <subfield code="b">BIB_UACO</subfield>
      <subfield code="d">2006-03-17</subfield>
      <subfield code="y">BK</subfield>
      <subfield code="p">02-30011</subfield>
      <subfield code="i">02-30011</subfield>
      <subfield code="g">24</subfield>
      <subfield code="o">001.1 C438q</subfield>
      <subfield code="e">Donación</subfield>
      <subfield code="8">CG</subfield>
    </datafield>
    <datafield tag="952" ind1=" " ind2=" ">
      <subfield code="a">BIB_RECT</subfield>
      <subfield code="b">BIB_UACO</subfield>
      <subfield code="d">2006-03-17</subfield>
      <subfield code="y">BK</subfield>
      <subfield code="p">02-30012</subfield>
      <subfield code="i">02-30012</subfield>
      <subfield code="g">24</subfield>
      <subfield code="o">001.1 C438q</subfield>
      <subfield code="e">Donación</subfield>
      <subfield code="8">CG</subfield>
    </datafield>
    <datafield tag="952" ind1=" " ind2=" ">
      <subfield code="a">BIB_RECT</subfield>
      <subfield code="b">BIB_UACO</subfield>
      <subfield code="d">2006-03-17</subfield>
      <subfield code="y">BK</subfield>
      <subfield code="p">02-30013</subfield>
      <subfield code="i">02-30013</subfield>
      <subfield code="g">24</subfield>
      <subfield code="o">001.1 C438q</subfield>
      <subfield code="e">Donación</subfield>
      <subfield code="8">CG</subfield>
    </datafield>
  </record>