
  <record>
    <leader>01000aam  22002601a 4500</leader>
    <controlfield tag="001">YPZ5794</controlfield>
    <controlfield tag="003">YPZ</controlfield>
    <controlfield tag="005">200603151939530</controlfield>
    <controlfield tag="008">060315|###########||||||b||||||||||spa|d</controlfield>
    <datafield tag="020" ind1=" " ind2=" ">
      <subfield code="a">9584100726</subfield>
    </datafield>
    <datafield tag="040" ind1=" " ind2=" ">
      <subfield code="c">SIUNPA</subfield>
    </datafield>
    <datafield tag="041" ind1=" " ind2=" ">
      <subfield code="a">spa</subfield>
    </datafield>
    <datafield tag="044" ind1=" " ind2=" ">
      <subfield code="a">CO</subfield>
    </datafield>
    <datafield tag="080" ind1=" " ind2=" ">
      <subfield code="a">519.2 W377e3</subfield>
    </datafield>
    <datafield tag="100" ind1=" " ind2=" ">
      <subfield code="a">Webster, Allen L..</subfield>
    </datafield>
    <datafield tag="245" ind1=" " ind2=" ">
      <subfield code="a">Estadística aplicada a los negocios y la economía</subfield>
      <subfield code="b"> : tercera edición</subfield>
      <subfield code="c"> / García, Yelka María, tr. ; Lesmes Lozano, Carlos, rev. técnica ; Prieto Marín, Gilberto, rev. técnica</subfield>
    </datafield>
    <datafield tag="260" ind1=" " ind2=" ">
      <subfield code="a">Santa Fé de Bogotá</subfield>
      <subfield code="b"> : McGraw-Hill</subfield>
      <subfield code="c"> , 2000</subfield>
    </datafield>
    <datafield tag="300" ind1=" " ind2=" ">
      <subfield code="a">92 p. : </subfield>
      <subfield code="a">304 p. : </subfield>
      <subfield code="b">il. ; </subfield>
      <subfield code="a">[41] p. en varias paginaciones + 2 h. plegables : </subfield>
      <subfield code="b">il. ; </subfield>
      <subfield code="a">103 p. : </subfield>
      <subfield code="b">il. ; </subfield>
      <subfield code="a">496 p. : </subfield>
      <subfield code="b">il. ; </subfield>
      <subfield code="a">xii, 96 p. : </subfield>
      <subfield code="b">il. ; </subfield>
      <subfield code="a">219 p. : </subfield>
      <subfield code="b">il. ; </subfield>
      <subfield code="a">275 p. : </subfield>
      <subfield code="a">283 p. : </subfield>
      <subfield code="a">v. : </subfield>
      <subfield code="b">il. ; </subfield>
      <subfield code="a">[181] h. : </subfield>
      <subfield code="b">il. ; </subfield>
      <subfield code="a">53 p. : </subfield>
      <subfield code="b">il. ; </subfield>
      <subfield code="a">380 p. : </subfield>
      <subfield code="a">322 p. : </subfield>
      <subfield code="a">399 p. : </subfield>
      <subfield code="a">331 p. : </subfield>
      <subfield code="a">190 p. : </subfield>
      <subfield code="b">il. ; </subfield>
      <subfield code="a">2 v. : </subfield>
      <subfield code="b">386 p. ; </subfield>
      <subfield code="a">v, 252 p. : </subfield>
      <subfield code="a">87 p. : </subfield>
      <subfield code="a">233 p. : </subfield>
      <subfield code="b">cuadros ; </subfield>
      <subfield code="a">342 p. : </subfield>
      <subfield code="a">156 p. : </subfield>
      <subfield code="a">133 p. : </subfield>
      <subfield code="a">xi, 458 p. : </subfield>
      <subfield code="b">il. ; </subfield>
      <subfield code="a">x, 364 p. : </subfield>
      <subfield code="b">il. ; </subfield>
      <subfield code="a">127 p. : </subfield>
      <subfield code="a">183 p. : </subfield>
      <subfield code="b">il. ; </subfield>
      <subfield code="a">151 p. : </subfield>
      <subfield code="a">764 p. : </subfield>
      <subfield code="b">il. ; </subfield>
      <subfield code="a">163 p. : </subfield>
      <subfield code="a">260 p. : </subfield>
      <subfield code="a">295 p. : </subfield>
      <subfield code="a">299 p. : </subfield>
      <subfield code="b">il. ; </subfield>
      <subfield code="a">507 p. : </subfield>
      <subfield code="a">270 p. : </subfield>
      <subfield code="a">xix, 1156 p. : </subfield>
      <subfield code="b">il. ; </subfield>
      <subfield code="a">292 p. : </subfield>
      <subfield code="b">il. ; </subfield>
      <subfield code="a">219 p. : </subfield>
      <subfield code="a">333 p. : </subfield>
      <subfield code="b">il. ; </subfield>
      <subfield code="a">303 p. : </subfield>
      <subfield code="a">154 p. : </subfield>
      <subfield code="a">319 p. : </subfield>
      <subfield code="a">414 p. : </subfield>
      <subfield code="a">175 p. : </subfield>
      <subfield code="a">325 p. : </subfield>
      <subfield code="b">il. ; </subfield>
      <subfield code="a">384 p. : </subfield>
      <subfield code="b">il. ; </subfield>
      <subfield code="a">222 p. : </subfield>
      <subfield code="b">il. ; </subfield>
      <subfield code="a">246 p. : </subfield>
      <subfield code="b">il. ; </subfield>
      <subfield code="a">xiii, 419 p. : </subfield>
      <subfield code="b">il. ; </subfield>
      <subfield code="a">xiii, 419 p. : </subfield>
      <subfield code="b">il. ; </subfield>
      <subfield code="a">214 p. : </subfield>
      <subfield code="b">il. ; </subfield>
      <subfield code="a">xxii, 247 p. : </subfield>
      <subfield code="a">221 p. : </subfield>
      <subfield code="a">261 p. : </subfield>
      <subfield code="a">126 p. : </subfield>
      <subfield code="b">il. ; </subfield>
      <subfield code="a">269 p. : </subfield>
      <subfield code="b">il. ; </subfield>
      <subfield code="a">253 p. : </subfield>
      <subfield code="b">il. ; </subfield>
      <subfield code="a">137 p. : </subfield>
      <subfield code="b">il. ; </subfield>
      <subfield code="a">174 p. : </subfield>
      <subfield code="a">535 p. : </subfield>
      <subfield code="b">il. ; </subfield>
      <subfield code="a">419 p. : </subfield>
      <subfield code="b">il., mapas pleg. ; </subfield>
      <subfield code="a">159 p. : </subfield>
      <subfield code="b">il. ; </subfield>
      <subfield code="a">205 p. : </subfield>
      <subfield code="a">366 p. : </subfield>
      <subfield code="a">ix, 115 p. : </subfield>
      <subfield code="b">il. ; </subfield>
      <subfield code="a">356 p. : </subfield>
      <subfield code="b">il. ; </subfield>
      <subfield code="a">154 p. : </subfield>
      <subfield code="b">il. ; </subfield>
      <subfield code="a">xiii, 175 p. : </subfield>
      <subfield code="b">il. ; </subfield>
      <subfield code="a">xiii, 640 p. : </subfield>
      <subfield code="b">il. ; </subfield>
      <subfield code="e">1 disquette (3½) en bolsillo</subfield>
    </datafield>
    <datafield tag="500" ind1=" " ind2=" ">
      <subfield code="a">En cub.: Incluye 850 ejercicios - Disquete de datos - Ejercicios y proyectos por internet</subfield>
    </datafield>
    <datafield tag="505" ind1=" " ind2=" ">
      <subfield code="a">Contenido del disquete: contiene varios archivos de datos a los que se puede tener acceso en los formatos de Minitab, Excel y ASCII</subfield>
    </datafield>
    <datafield tag="650" ind1=" " ind2=" ">
      <subfield code="a"> ESTADISTICA</subfield>
    </datafield>
    <datafield tag="650" ind1=" " ind2=" ">
      <subfield code="a"> ADMINISTRACION DE EMPRESAS</subfield>
    </datafield>
    <datafield tag="650" ind1=" " ind2=" ">
      <subfield code="a"> ECONOMIA</subfield>
    </datafield>
    <datafield tag="942" ind1=" " ind2=" ">
      <subfield code="c">BK</subfield>
    </datafield>
    <datafield tag="952" ind1=" " ind2=" ">
      <subfield code="a">BIB_RECT</subfield>
      <subfield code="b">BIB_UASJ</subfield>
      <subfield code="d">2006-03-07</subfield>
      <subfield code="y">BK</subfield>
      <subfield code="p">04-29928</subfield>
      <subfield code="i">04-29928</subfield>
      <subfield code="g">345.9</subfield>
      <subfield code="o">519.2 W377e3</subfield>
      <subfield code="e">SIUNPA</subfield>
      <subfield code="8">CG</subfield>
    </datafield>
    <datafield tag="952" ind1=" " ind2=" ">
      <subfield code="a">BIB_RECT</subfield>
      <subfield code="b">BIB_UASJ</subfield>
      <subfield code="d">2006-03-06</subfield>
      <subfield code="y">BK</subfield>
      <subfield code="p">04-29929</subfield>
      <subfield code="i">04-29929</subfield>
      <subfield code="g">345.9</subfield>
      <subfield code="o">519.2 W377e3</subfield>
      <subfield code="e">SIUNPA</subfield>
      <subfield code="8">CG</subfield>
    </datafield>
  </record>