
  <record>
    <leader>01000aam  22002601a 4500</leader>
    <controlfield tag="001">YPZ5805</controlfield>
    <controlfield tag="003">YPZ</controlfield>
    <controlfield tag="005">200603171017390</controlfield>
    <controlfield tag="008">060317|###########||||||b||||||||||spa|d</controlfield>
    <datafield tag="020" ind1=" " ind2=" ">
      <subfield code="a">0935702717</subfield>
    </datafield>
    <datafield tag="040" ind1=" " ind2=" ">
      <subfield code="c">SIUNPA</subfield>
    </datafield>
    <datafield tag="041" ind1=" " ind2=" ">
      <subfield code="a">eng</subfield>
    </datafield>
    <datafield tag="044" ind1=" " ind2=" ">
      <subfield code="a">US</subfield>
    </datafield>
    <datafield tag="080" ind1=" " ind2=" ">
      <subfield code="a">544.52 T961m</subfield>
    </datafield>
    <datafield tag="100" ind1=" " ind2=" ">
      <subfield code="a">Turro, Nicholas J..</subfield>
    </datafield>
    <datafield tag="245" ind1=" " ind2=" ">
      <subfield code="a">Modern molecular photochemistry</subfield>
    </datafield>
    <datafield tag="260" ind1=" " ind2=" ">
      <subfield code="a">Sausalito, Calif.</subfield>
      <subfield code="b"> : University Science Books</subfield>
      <subfield code="c"> , 1991</subfield>
    </datafield>
    <datafield tag="650" ind1=" " ind2=" ">
      <subfield code="a"> REACCIONES FOTOQUIMICAS</subfield>
    </datafield>
    <datafield tag="650" ind1=" " ind2=" ">
      <subfield code="a"> QUIMICA ORGANICA</subfield>
    </datafield>
    <datafield tag="942" ind1=" " ind2=" ">
      <subfield code="c">BK</subfield>
    </datafield>
    <datafield tag="952" ind1=" " ind2=" ">
      <subfield code="a">BIB_RECT</subfield>
      <subfield code="b">BIB_UARG</subfield>
      <subfield code="d">2006-03-16</subfield>
      <subfield code="y">BK</subfield>
      <subfield code="p">05-14437</subfield>
      <subfield code="i">05-14437</subfield>
      <subfield code="g">53</subfield>
      <subfield code="o">544.52 T961m</subfield>
      <subfield code="e">SIUNPA</subfield>
      <subfield code="8">CG</subfield>
    </datafield>
    <datafield tag="952" ind1=" " ind2=" ">
      <subfield code="a">BIB_RECT</subfield>
      <subfield code="b">BIB_UARG</subfield>
      <subfield code="d">2006-03-16</subfield>
      <subfield code="y">BK</subfield>
      <subfield code="p">05-29987</subfield>
      <subfield code="i">05-29987</subfield>
      <subfield code="g">100</subfield>
      <subfield code="o">544.52 T961m</subfield>
      <subfield code="e">PI29/A076</subfield>
      <subfield code="8">CG</subfield>
    </datafield>
  </record>