
  <record>
    <leader>01000aam  22002601a 4500</leader>
    <controlfield tag="001">YPZ5828</controlfield>
    <controlfield tag="003">YPZ</controlfield>
    <controlfield tag="005">200603220932540</controlfield>
    <controlfield tag="008">060322|###########||||||b||||||||||spa|d</controlfield>
    <datafield tag="020" ind1=" " ind2=" ">
      <subfield code="a">9505343361</subfield>
    </datafield>
    <datafield tag="040" ind1=" " ind2=" ">
      <subfield code="c">SIUNPA</subfield>
    </datafield>
    <datafield tag="041" ind1=" " ind2=" ">
      <subfield code="a">spa</subfield>
    </datafield>
    <datafield tag="044" ind1=" " ind2=" ">
      <subfield code="a">AR</subfield>
    </datafield>
    <datafield tag="080" ind1=" " ind2=" ">
      <subfield code="a">028.1 K927c6</subfield>
    </datafield>
    <datafield tag="100" ind1=" " ind2=" ">
      <subfield code="a">Kriscautzky de Fasce, Gabriela.</subfield>
    </datafield>
    <datafield tag="700" ind1=" " ind2=" ">
      <subfield code="a">Masine, Beatriz.</subfield>
    </datafield>
    <datafield tag="700" ind1=" " ind2=" ">
      <subfield code="a">Solari, Nora.</subfield>
    </datafield>
    <datafield tag="245" ind1=" " ind2=" ">
      <subfield code="a">Cuando escribimos</subfield>
      <subfield code="b"> : taller de escritura para adolescentes</subfield>
    </datafield>
    <datafield tag="250" ind1=" " ind2=" ">
      <subfield code="a">6a. ed.</subfield>
    </datafield>
    <datafield tag="260" ind1=" " ind2=" ">
      <subfield code="a">Buenos Aires</subfield>
      <subfield code="b"> : A-Z Editora</subfield>
      <subfield code="c"> , 2004</subfield>
    </datafield>
    <datafield tag="500" ind1=" " ind2=" ">
      <subfield code="a">Subtít. de cubierta: estrategias de apoyo para la redacción. Consignas de escritura / Antología</subfield>
    </datafield>
    <datafield tag="650" ind1=" " ind2=" ">
      <subfield code="a"> ESCRITURA</subfield>
    </datafield>
    <datafield tag="650" ind1=" " ind2=" ">
      <subfield code="a"> LECTURA</subfield>
    </datafield>
    <datafield tag="650" ind1=" " ind2=" ">
      <subfield code="a"> COMPRENSION DE TEXTOS</subfield>
    </datafield>
    <datafield tag="650" ind1=" " ind2=" ">
      <subfield code="a"> ENSEÑANZA DE LA LECTURA </subfield>
    </datafield>
    <datafield tag="650" ind1=" " ind2=" ">
      <subfield code="a"> ENSEÑANZA DE LA ESCRITURA</subfield>
    </datafield>
    <datafield tag="650" ind1=" " ind2=" ">
      <subfield code="a"> ACTIVIDADES DE APRENDIZAJE </subfield>
    </datafield>
    <datafield tag="650" ind1=" " ind2=" ">
      <subfield code="a"> ADOLESCENTES</subfield>
    </datafield>
    <datafield tag="942" ind1=" " ind2=" ">
      <subfield code="c">BK</subfield>
    </datafield>
    <datafield tag="952" ind1=" " ind2=" ">
      <subfield code="a">BIB_RECT</subfield>
      <subfield code="b">BIB_UARG</subfield>
      <subfield code="d">2006-02-09</subfield>
      <subfield code="y">BK</subfield>
      <subfield code="p">05-29654</subfield>
      <subfield code="i">05-29654</subfield>
      <subfield code="g">13.5</subfield>
      <subfield code="o">028.1 K927c6</subfield>
      <subfield code="e">SIUNPA</subfield>
      <subfield code="8">CG</subfield>
    </datafield>
    <datafield tag="952" ind1=" " ind2=" ">
      <subfield code="a">BIB_RECT</subfield>
      <subfield code="b">BIB_UARG</subfield>
      <subfield code="d">2006-02-09</subfield>
      <subfield code="y">BK</subfield>
      <subfield code="p">05-29655</subfield>
      <subfield code="i">05-29655</subfield>
      <subfield code="g">13.5</subfield>
      <subfield code="o">028.1 K927c6</subfield>
      <subfield code="e">SIUNPA</subfield>
      <subfield code="8">CG</subfield>
    </datafield>
    <datafield tag="952" ind1=" " ind2=" ">
      <subfield code="a">BIB_RECT</subfield>
      <subfield code="b">BIB_UARG</subfield>
      <subfield code="d">2006-02-09</subfield>
      <subfield code="y">BK</subfield>
      <subfield code="p">05-29656</subfield>
      <subfield code="i">05-29656</subfield>
      <subfield code="g">13.5</subfield>
      <subfield code="o">028.1 K927c6</subfield>
      <subfield code="e">SIUNPA</subfield>
      <subfield code="8">CG</subfield>
    </datafield>
    <datafield tag="952" ind1=" " ind2=" ">
      <subfield code="a">BIB_RECT</subfield>
      <subfield code="b">BIB_UARG</subfield>
      <subfield code="d">2006-02-09</subfield>
      <subfield code="y">BK</subfield>
      <subfield code="p">05-29657</subfield>
      <subfield code="i">05-29657</subfield>
      <subfield code="g">13.5</subfield>
      <subfield code="o">028.1 K927c6</subfield>
      <subfield code="e">SIUNPA</subfield>
      <subfield code="8">CG</subfield>
    </datafield>
    <datafield tag="952" ind1=" " ind2=" ">
      <subfield code="a">BIB_RECT</subfield>
      <subfield code="b">BIB_UARG</subfield>
      <subfield code="d">2006-02-09</subfield>
      <subfield code="y">BK</subfield>
      <subfield code="p">05-29658</subfield>
      <subfield code="i">05-29658</subfield>
      <subfield code="g">13.5</subfield>
      <subfield code="o">028.1 K927c6</subfield>
      <subfield code="e">SIUNPA</subfield>
      <subfield code="8">CG</subfield>
    </datafield>
    <datafield tag="952" ind1=" " ind2=" ">
      <subfield code="a">BIB_RECT</subfield>
      <subfield code="b">BIB_UARG</subfield>
      <subfield code="d">2006-02-09</subfield>
      <subfield code="y">BK</subfield>
      <subfield code="p">05-29659</subfield>
      <subfield code="i">05-29659</subfield>
      <subfield code="g">13.5</subfield>
      <subfield code="o">028.1 K927c6</subfield>
      <subfield code="e">SIUNPA</subfield>
      <subfield code="8">CG</subfield>
    </datafield>
    <datafield tag="952" ind1=" " ind2=" ">
      <subfield code="a">BIB_RECT</subfield>
      <subfield code="b">BIB_UARG</subfield>
      <subfield code="d">2006-02-09</subfield>
      <subfield code="y">BK</subfield>
      <subfield code="p">05-29660</subfield>
      <subfield code="i">05-29660</subfield>
      <subfield code="g">13.5</subfield>
      <subfield code="o">028.1 K927c6</subfield>
      <subfield code="e">SIUNPA</subfield>
      <subfield code="8">CG</subfield>
    </datafield>
  </record>