
  <record>
    <leader>01000aam  22002601a 4500</leader>
    <controlfield tag="001">YPZ5833</controlfield>
    <controlfield tag="003">YPZ</controlfield>
    <controlfield tag="005">200603221627300</controlfield>
    <controlfield tag="008">060322|###########||||||b||||||||||spa|d</controlfield>
    <datafield tag="020" ind1=" " ind2=" ">
      <subfield code="a">8434574527</subfield>
    </datafield>
    <datafield tag="020" ind1=" " ind2=" ">
      <subfield code="a">843457358X (o.c.)</subfield>
    </datafield>
    <datafield tag="040" ind1=" " ind2=" ">
      <subfield code="c">SIUNPA</subfield>
    </datafield>
    <datafield tag="041" ind1=" " ind2=" ">
      <subfield code="a">spa</subfield>
    </datafield>
    <datafield tag="044" ind1=" " ind2=" ">
      <subfield code="a">ES</subfield>
    </datafield>
    <datafield tag="080" ind1=" " ind2=" ">
      <subfield code="a">616 S181s</subfield>
    </datafield>
    <datafield tag="100" ind1=" " ind2=" ">
      <subfield code="a">López Piñero, José María.</subfield>
    </datafield>
    <datafield tag="700" ind1=" " ind2=" ">
      <subfield code="a">Laín Entralgo, Pedro.</subfield>
    </datafield>
    <datafield tag="245" ind1=" " ind2=" ">
      <subfield code="a">Salud y enfermedad</subfield>
      <subfield code="c"> / Alba, María Dolores, il. ; Casals, Josefa, il. ; Llopis, Carmen, il. ; Pisonero, Jaime, il.</subfield>
    </datafield>
    <datafield tag="260" ind1=" " ind2=" ">
      <subfield code="a">Barcelona</subfield>
      <subfield code="b"> : Salvat</subfield>
      <subfield code="c"> , 1973</subfield>
    </datafield>
    <datafield tag="440" ind1=" " ind2=" ">
      <subfield code="a">Sociología y política</subfield>
      <subfield code="a">Filosofía</subfield>
      <subfield code="a">Merck professional handbooks</subfield>
      <subfield code="a">Serie talleres</subfield>
      <subfield code="a">Biblioteca Salvat de grandes temas</subfield>
      <subfield code="v">93</subfield>
    </datafield>
    <datafield tag="490" ind1=" " ind2=" ">
      <subfield code="a">Sociología y política</subfield>
      <subfield code="a">Filosofía</subfield>
      <subfield code="a">Merck professional handbooks</subfield>
      <subfield code="a">Serie talleres</subfield>
      <subfield code="a">Biblioteca Salvat de grandes temas</subfield>
      <subfield code="v">93</subfield>
    </datafield>
    <datafield tag="500" ind1=" " ind2=" ">
      <subfield code="a">Incluye entrevista a Pedro Laín Entralgo (p. 8-15 y 104-111)</subfield>
    </datafield>
    <datafield tag="650" ind1=" " ind2=" ">
      <subfield code="a"> SALUD</subfield>
    </datafield>
    <datafield tag="650" ind1=" " ind2=" ">
      <subfield code="a"> ENFERMEDAD</subfield>
    </datafield>
    <datafield tag="650" ind1=" " ind2=" ">
      <subfield code="a"> MEDICINA</subfield>
    </datafield>
    <datafield tag="650" ind1=" " ind2=" ">
      <subfield code="a"> SALUD PUBLICA</subfield>
    </datafield>
    <datafield tag="942" ind1=" " ind2=" ">
      <subfield code="c">BK</subfield>
    </datafield>
    <datafield tag="952" ind1=" " ind2=" ">
      <subfield code="a">BIB_RECT</subfield>
      <subfield code="b">BIB_UARG</subfield>
      <subfield code="d">2006-02-28</subfield>
      <subfield code="y">BK</subfield>
      <subfield code="p">05-29771</subfield>
      <subfield code="i">05-29771</subfield>
      <subfield code="g">15</subfield>
      <subfield code="o">616 S181s</subfield>
      <subfield code="e">Donación Cecilia Ré</subfield>
      <subfield code="8">CG</subfield>
    </datafield>
  </record>