
  <record>
    <leader>01000aam  22002601a 4500</leader>
    <controlfield tag="001">YPZ5839</controlfield>
    <controlfield tag="003">YPZ</controlfield>
    <controlfield tag="005">200603230937310</controlfield>
    <controlfield tag="008">060323|###########||||||b||||||||||spa|d</controlfield>
    <datafield tag="020" ind1=" " ind2=" ">
      <subfield code="a">8476586922</subfield>
    </datafield>
    <datafield tag="040" ind1=" " ind2=" ">
      <subfield code="c">SIUNPA</subfield>
    </datafield>
    <datafield tag="041" ind1=" " ind2=" ">
      <subfield code="a">spa</subfield>
    </datafield>
    <datafield tag="044" ind1=" " ind2=" ">
      <subfield code="a">ES</subfield>
      <subfield code="a">CL</subfield>
      <subfield code="a">VE</subfield>
    </datafield>
    <datafield tag="080" ind1=" " ind2=" ">
      <subfield code="a">316.6 H157m</subfield>
    </datafield>
    <datafield tag="100" ind1=" " ind2=" ">
      <subfield code="a">Halbwachs, Maurice.</subfield>
    </datafield>
    <datafield tag="245" ind1=" " ind2=" ">
      <subfield code="a">Los marcos sociales de la memoria</subfield>
      <subfield code="c"> / Namer, Gérard, postfacio ; Baeza, Manuel Antonio, tr. ; Mujica, Michel, tr.</subfield>
    </datafield>
    <datafield tag="250" ind1=" " ind2=" ">
      <subfield code="a">1a. ed.</subfield>
    </datafield>
    <datafield tag="260" ind1=" " ind2=" ">
      <subfield code="a">Barcelona</subfield>
      <subfield code="a">Concepción, Chile</subfield>
      <subfield code="a">Caracas</subfield>
      <subfield code="b"> : Anthropos</subfield>
      <subfield code="b"> : Facultad de Ciencias Sociales, Universidad de Concepción</subfield>
      <subfield code="b"> : Facultad de Ciencias Económicas y Sociales, Universidad Central de Venezuela</subfield>
      <subfield code="c"> , 2004</subfield>
    </datafield>
    <datafield tag="440" ind1=" " ind2=" ">
      <subfield code="a">Colección Ciencias Sociales</subfield>
      <subfield code="a">Autores, textos y temas. Ciencias Sociales</subfield>
      <subfield code="v">39</subfield>
    </datafield>
    <datafield tag="490" ind1=" " ind2=" ">
      <subfield code="a">Colección Ciencias Sociales</subfield>
      <subfield code="a">Autores, textos y temas. Ciencias Sociales</subfield>
      <subfield code="v">39</subfield>
    </datafield>
    <datafield tag="500" ind1=" " ind2=" ">
      <subfield code="a">Esta obra se beneficia del apoyo del Servicio Cultural de la Embajada de Francia en España y del Ministerio francés de Asuntos Exteriores, en el marco del programa de Participación en la Publicación (P.A.P. García Lorca)</subfield>
    </datafield>
    <datafield tag="650" ind1=" " ind2=" ">
      <subfield code="a"> MEMORIA  RECUERDO</subfield>
    </datafield>
    <datafield tag="650" ind1=" " ind2=" ">
      <subfield code="a"> PSICOLOGIA SOCIAL</subfield>
    </datafield>
    <datafield tag="650" ind1=" " ind2=" ">
      <subfield code="a"> PROCESOS COGNITIVOS </subfield>
    </datafield>
    <datafield tag="650" ind1=" " ind2=" ">
      <subfield code="a"> DESARROLLO PSICOSOCIAL</subfield>
    </datafield>
    <datafield tag="650" ind1=" " ind2=" ">
      <subfield code="a"> DESARROLLO DE LA PERSONALIDAD</subfield>
    </datafield>
    <datafield tag="650" ind1=" " ind2=" ">
      <subfield code="a"> RELACIONES INTERPERSONALES</subfield>
    </datafield>
    <datafield tag="942" ind1=" " ind2=" ">
      <subfield code="c">BK</subfield>
    </datafield>
    <datafield tag="952" ind1=" " ind2=" ">
      <subfield code="a">BIB_RECT</subfield>
      <subfield code="b">BIB_UARG</subfield>
      <subfield code="d">2006-02-09</subfield>
      <subfield code="y">BK</subfield>
      <subfield code="p">05-29672</subfield>
      <subfield code="i">05-29672</subfield>
      <subfield code="g">110</subfield>
      <subfield code="o">316.6 H157m</subfield>
      <subfield code="e">SIUNPA</subfield>
      <subfield code="8">CG</subfield>
    </datafield>
    <datafield tag="952" ind1=" " ind2=" ">
      <subfield code="a">BIB_RECT</subfield>
      <subfield code="b">BIB_UARG</subfield>
      <subfield code="d">2006-02-09</subfield>
      <subfield code="y">BK</subfield>
      <subfield code="p">05-29673</subfield>
      <subfield code="i">05-29673</subfield>
      <subfield code="g">110</subfield>
      <subfield code="o">316.6 H157m</subfield>
      <subfield code="e">SIUNPA</subfield>
      <subfield code="8">CG</subfield>
    </datafield>
    <datafield tag="952" ind1=" " ind2=" ">
      <subfield code="a">BIB_RECT</subfield>
      <subfield code="b">BIB_UARG</subfield>
      <subfield code="d">2009-05-06</subfield>
      <subfield code="y">BK</subfield>
      <subfield code="p">05-37696</subfield>
      <subfield code="i">05-37696</subfield>
      <subfield code="g">110</subfield>
      <subfield code="o">316.6 H157m</subfield>
      <subfield code="e">PI/29A 163</subfield>
      <subfield code="8">CG</subfield>
    </datafield>
  </record>