
  <record>
    <leader>01000aam  22002601a 4500</leader>
    <controlfield tag="001">YPZ5846</controlfield>
    <controlfield tag="003">YPZ</controlfield>
    <controlfield tag="005">200603231410280</controlfield>
    <controlfield tag="008">060323|###########||||||b||||||||||spa|d</controlfield>
    <datafield tag="020" ind1=" " ind2=" ">
      <subfield code="a">9508020865</subfield>
    </datafield>
    <datafield tag="040" ind1=" " ind2=" ">
      <subfield code="c">SIUNPA</subfield>
    </datafield>
    <datafield tag="041" ind1=" " ind2=" ">
      <subfield code="a">spa</subfield>
    </datafield>
    <datafield tag="044" ind1=" " ind2=" ">
      <subfield code="a">AR</subfield>
    </datafield>
    <datafield tag="080" ind1=" " ind2=" ">
      <subfield code="a">614 S181s</subfield>
    </datafield>
    <datafield tag="245" ind1=" " ind2=" ">
      <subfield code="a">Salud y población</subfield>
      <subfield code="b"> : cuestiones sociales pendientes</subfield>
      <subfield code="c"> / Mendes Diz, Ana Maria, comp. ; Findling, Liliana, comp. ; Petracci, Mónica, comp. ; Federico, Andrea, comp.</subfield>
    </datafield>
    <datafield tag="250" ind1=" " ind2=" ">
      <subfield code="a">1a ed.</subfield>
    </datafield>
    <datafield tag="260" ind1=" " ind2=" ">
      <subfield code="a">Buenos Aires</subfield>
      <subfield code="b"> : Espacio</subfield>
      <subfield code="c"> , 1998</subfield>
    </datafield>
    <datafield tag="650" ind1=" " ind2=" ">
      <subfield code="a"> SALUD PUBLICA</subfield>
    </datafield>
    <datafield tag="650" ind1=" " ind2=" ">
      <subfield code="a"> ABORTO</subfield>
    </datafield>
    <datafield tag="650" ind1=" " ind2=" ">
      <subfield code="a"> SIDA</subfield>
    </datafield>
    <datafield tag="650" ind1=" " ind2=" ">
      <subfield code="a"> SUICIDIO</subfield>
    </datafield>
    <datafield tag="650" ind1=" " ind2=" ">
      <subfield code="a"> FAMILIA</subfield>
    </datafield>
    <datafield tag="942" ind1=" " ind2=" ">
      <subfield code="c">BK</subfield>
    </datafield>
    <datafield tag="952" ind1=" " ind2=" ">
      <subfield code="a">BIB_RECT</subfield>
      <subfield code="b">BIB_UARG</subfield>
      <subfield code="d">2004-09-03</subfield>
      <subfield code="y">BK</subfield>
      <subfield code="p">05-13599</subfield>
      <subfield code="i">05-13599</subfield>
      <subfield code="g">20</subfield>
      <subfield code="o">614 S181s</subfield>
      <subfield code="e">FOMEC 585</subfield>
      <subfield code="8">CG</subfield>
    </datafield>
    <datafield tag="952" ind1=" " ind2=" ">
      <subfield code="a">BIB_RECT</subfield>
      <subfield code="b">BIB_UARG</subfield>
      <subfield code="d">2004-09-03</subfield>
      <subfield code="y">BK</subfield>
      <subfield code="p">05-13600</subfield>
      <subfield code="i">05-13600</subfield>
      <subfield code="g">20</subfield>
      <subfield code="o">614 S181s</subfield>
      <subfield code="e">FOMEC 585</subfield>
      <subfield code="8">CG</subfield>
    </datafield>
    <datafield tag="952" ind1=" " ind2=" ">
      <subfield code="a">BIB_RECT</subfield>
      <subfield code="b">BIB_UARG</subfield>
      <subfield code="d">2006-02-28</subfield>
      <subfield code="y">BK</subfield>
      <subfield code="p">05-29769</subfield>
      <subfield code="i">05-29769</subfield>
      <subfield code="g">20</subfield>
      <subfield code="o">614 S181s</subfield>
      <subfield code="e">Donación Cecilia Ré</subfield>
      <subfield code="8">CG</subfield>
    </datafield>
  </record>