
  <record>
    <leader>01000aam  22002601a 4500</leader>
    <controlfield tag="001">YPZ5873</controlfield>
    <controlfield tag="003">YPZ</controlfield>
    <controlfield tag="005">200603301109220</controlfield>
    <controlfield tag="008">060330|###########||||||b||||||||||spa|d</controlfield>
    <datafield tag="020" ind1=" " ind2=" ">
      <subfield code="a">8471124181</subfield>
    </datafield>
    <datafield tag="040" ind1=" " ind2=" ">
      <subfield code="c">SIUNPA</subfield>
    </datafield>
    <datafield tag="041" ind1=" " ind2=" ">
      <subfield code="a">spa</subfield>
    </datafield>
    <datafield tag="044" ind1=" " ind2=" ">
      <subfield code="a">ES</subfield>
    </datafield>
    <datafield tag="080" ind1=" " ind2=" ">
      <subfield code="a">004.05 S774c2</subfield>
    </datafield>
    <datafield tag="100" ind1=" " ind2=" ">
      <subfield code="a">Squires, David.</subfield>
    </datafield>
    <datafield tag="700" ind1=" " ind2=" ">
      <subfield code="a">McDougall, Anne.</subfield>
    </datafield>
    <datafield tag="245" ind1=" " ind2=" ">
      <subfield code="a">Cómo elegir y utilizar software educativo</subfield>
      <subfield code="b"> : guía para el profesorado</subfield>
      <subfield code="c"> / Manzano, Pablo, tr.</subfield>
    </datafield>
    <datafield tag="250" ind1=" " ind2=" ">
      <subfield code="a">2a. ed.</subfield>
    </datafield>
    <datafield tag="260" ind1=" " ind2=" ">
      <subfield code="a">Madrid</subfield>
      <subfield code="b"> : Fundación Paideia</subfield>
      <subfield code="b"> : Morata</subfield>
      <subfield code="c"> , 2001</subfield>
    </datafield>
    <datafield tag="440" ind1=" " ind2=" ">
      <subfield code="a">Colección El caldero</subfield>
      <subfield code="a">Colección Ciencias Sociales</subfield>
      <subfield code="a">Materiales de cátedra. Psicología</subfield>
      <subfield code="a">Seix Barral. Biblioteca Breve</subfield>
      <subfield code="a">Colección geografías literarias</subfield>
      <subfield code="a">Biblioteca del Ciclo Básico</subfield>
      <subfield code="a">UBA XXI</subfield>
      <subfield code="a">Colección Pedagogía. Manuales</subfield>
      <subfield code="a">Serie La ciencia y la gente</subfield>
      <subfield code="a">Colección Pedagogía. Manuales</subfield>
      <subfield code="a">Colección Educación crítica</subfield>
      <subfield code="v">K</subfield>
    </datafield>
    <datafield tag="490" ind1=" " ind2=" ">
      <subfield code="a">Colección El caldero</subfield>
      <subfield code="a">Colección Ciencias Sociales</subfield>
      <subfield code="a">Materiales de cátedra. Psicología</subfield>
      <subfield code="a">Seix Barral. Biblioteca Breve</subfield>
      <subfield code="a">Colección geografías literarias</subfield>
      <subfield code="a">Biblioteca del Ciclo Básico</subfield>
      <subfield code="a">UBA XXI</subfield>
      <subfield code="a">Colección Pedagogía. Manuales</subfield>
      <subfield code="a">Serie La ciencia y la gente</subfield>
      <subfield code="a">Colección Pedagogía. Manuales</subfield>
      <subfield code="a">Colección Educación crítica</subfield>
      <subfield code="v">K</subfield>
    </datafield>
    <datafield tag="650" ind1=" " ind2=" ">
      <subfield code="a"> INFORMATICA EDUCATIVA</subfield>
    </datafield>
    <datafield tag="650" ind1=" " ind2=" ">
      <subfield code="a"> ENSEÑANZA POR COMPUTADORA</subfield>
    </datafield>
    <datafield tag="650" ind1=" " ind2=" ">
      <subfield code="a"> SELECCION DE MATERIAL DIDACTICO</subfield>
    </datafield>
    <datafield tag="650" ind1=" " ind2=" ">
      <subfield code="a"> SOFTWARE EDUCATIVO</subfield>
    </datafield>
    <datafield tag="942" ind1=" " ind2=" ">
      <subfield code="c">BK</subfield>
    </datafield>
    <datafield tag="952" ind1=" " ind2=" "/>
  </record>