
  <record>
    <leader>01000aam  22002601a 4500</leader>
    <controlfield tag="001">YPZ5888</controlfield>
    <controlfield tag="003">YPZ</controlfield>
    <controlfield tag="005">200603311747540</controlfield>
    <controlfield tag="008">060331|###########||||||b||||||||||spa|d</controlfield>
    <datafield tag="020" ind1=" " ind2=" ">
      <subfield code="a">8485597427</subfield>
    </datafield>
    <datafield tag="020" ind1=" " ind2=" ">
      <subfield code="a">8485597419 (Manual)</subfield>
    </datafield>
    <datafield tag="040" ind1=" " ind2=" ">
      <subfield code="c">SIUNPA</subfield>
    </datafield>
    <datafield tag="041" ind1=" " ind2=" ">
      <subfield code="a">spa</subfield>
    </datafield>
    <datafield tag="044" ind1=" " ind2=" ">
      <subfield code="a">ES</subfield>
    </datafield>
    <datafield tag="080" ind1=" " ind2=" ">
      <subfield code="a">614.84 T967p</subfield>
    </datafield>
    <datafield tag="100" ind1=" " ind2=" ">
      <subfield code="a">Tuve, Richard Larsen.</subfield>
    </datafield>
    <datafield tag="245" ind1=" " ind2=" ">
      <subfield code="a">Principios de la química de protección contra incendios</subfield>
      <subfield code="c"> / Román Fernández, Sonia, tr. ; Román Fernández, Juan José, tr.</subfield>
    </datafield>
    <datafield tag="260" ind1=" " ind2=" ">
      <subfield code="a">Madrid</subfield>
      <subfield code="b"> : CEPREVEN, Centro Nacional de Prevención de Daños y Pérdidas</subfield>
      <subfield code="c"> , 1993</subfield>
    </datafield>
    <datafield tag="300" ind1=" " ind2=" ">
      <subfield code="a">350 p. : </subfield>
      <subfield code="b">il. ; </subfield>
      <subfield code="a">187 p. : </subfield>
      <subfield code="b">il. ; </subfield>
      <subfield code="a">115 p. : </subfield>
      <subfield code="b">cuadro ; </subfield>
      <subfield code="a">xi, 531 p. : </subfield>
      <subfield code="b">il. ; </subfield>
      <subfield code="a">166 p. : </subfield>
      <subfield code="a">xl, 415 p. : </subfield>
      <subfield code="a">628 p. : </subfield>
      <subfield code="b">il. ; </subfield>
      <subfield code="a">xviii, [2547] p. en varias paginaciones : </subfield>
      <subfield code="b">il. ; </subfield>
      <subfield code="a">xxiii, [648] p. en varias paginaciones : </subfield>
      <subfield code="b">il. ; </subfield>
      <subfield code="a">161 p. : </subfield>
      <subfield code="b">il. ; </subfield>
      <subfield code="a">333 p. : </subfield>
      <subfield code="a">xi, 145 p. : </subfield>
      <subfield code="b">il. ; </subfield>
      <subfield code="a">2 v. : </subfield>
      <subfield code="a">141 p. : </subfield>
      <subfield code="b">il. ; </subfield>
      <subfield code="a">254 p. : </subfield>
      <subfield code="b">il. ; </subfield>
      <subfield code="a">vi, 472 p. : </subfield>
      <subfield code="b">il. ; </subfield>
      <subfield code="a">xiv, 530 p. : </subfield>
      <subfield code="b">il. ; </subfield>
      <subfield code="a">51 p. : </subfield>
      <subfield code="a">xviii, 840 p. : </subfield>
      <subfield code="b">il. ; </subfield>
      <subfield code="a">431 p. : </subfield>
      <subfield code="b">il. ; </subfield>
      <subfield code="a">264 p. : </subfield>
      <subfield code="a">268 p. : </subfield>
      <subfield code="a">182 p. : </subfield>
      <subfield code="b">il. ; </subfield>
      <subfield code="a">xxiii, 764 p. : </subfield>
      <subfield code="b">il. ; </subfield>
      <subfield code="a">344 p. : </subfield>
      <subfield code="b">il. ; </subfield>
      <subfield code="a">215 p. : </subfield>
      <subfield code="b">il. ; </subfield>
      <subfield code="a">385 p. : </subfield>
      <subfield code="a">217 p. : </subfield>
      <subfield code="a">315 p. : </subfield>
      <subfield code="a">161 p. : </subfield>
      <subfield code="a">217 p. : </subfield>
      <subfield code="a">220 p. : </subfield>
      <subfield code="b">il. ; </subfield>
      <subfield code="a">130 p. : </subfield>
      <subfield code="a">225 p. : </subfield>
      <subfield code="b">il. ; </subfield>
      <subfield code="a">357 p. : </subfield>
      <subfield code="a">212 p. : </subfield>
      <subfield code="b">il. ; </subfield>
      <subfield code="a">v. : </subfield>
      <subfield code="b">il. ; </subfield>
      <subfield code="a">[94] p. : </subfield>
      <subfield code="b">il. ; </subfield>
      <subfield code="a">v. : </subfield>
      <subfield code="b">il. ; </subfield>
      <subfield code="a">287 p. : </subfield>
      <subfield code="b">il. ; </subfield>
      <subfield code="a">447 p. : </subfield>
      <subfield code="a">418 p. : </subfield>
      <subfield code="b">il. ; </subfield>
      <subfield code="a">331 p. : </subfield>
      <subfield code="b">il. ; </subfield>
      <subfield code="a">174 p. : </subfield>
      <subfield code="b">cuadros ; </subfield>
      <subfield code="a">124 p. + 1 casete son. ([40] min.) : </subfield>
      <subfield code="b">il. ; </subfield>
      <subfield code="a">286 p. : </subfield>
      <subfield code="b">il. ; </subfield>
      <subfield code="a">92 p. : </subfield>
      <subfield code="b">il. ; </subfield>
      <subfield code="a">140 p. : </subfield>
      <subfield code="b">il. ; </subfield>
      <subfield code="a">107 p. : </subfield>
      <subfield code="b">il. ; </subfield>
      <subfield code="a">238 p. : </subfield>
      <subfield code="a">1222 p. : </subfield>
      <subfield code="a">x, 402 p. : </subfield>
      <subfield code="a">xviii, 267 p. : </subfield>
      <subfield code="b">il. ; </subfield>
      <subfield code="e">1 folleto (43 p.)</subfield>
    </datafield>
    <datafield tag="500" ind1=" " ind2=" ">
      <subfield code="a">Incluye: Manual de acompañamiento para Profesor y Ejercicios de Autocomprobación</subfield>
    </datafield>
    <datafield tag="650" ind1=" " ind2=" ">
      <subfield code="a"> INCENDIO</subfield>
    </datafield>
    <datafield tag="650" ind1=" " ind2=" ">
      <subfield code="a"> PROTECCION CONTRA INCENDIOS</subfield>
    </datafield>
    <datafield tag="650" ind1=" " ind2=" ">
      <subfield code="a"> FUEGO</subfield>
    </datafield>
    <datafield tag="942" ind1=" " ind2=" ">
      <subfield code="c">BK</subfield>
    </datafield>
    <datafield tag="952" ind1=" " ind2=" ">
      <subfield code="a">BIB_RECT</subfield>
      <subfield code="b">BIB_UART</subfield>
      <subfield code="d">2006-03-07</subfield>
      <subfield code="y">BK</subfield>
      <subfield code="p">03-29930</subfield>
      <subfield code="i">03-29930</subfield>
      <subfield code="g">300</subfield>
      <subfield code="o">614.84 T967p</subfield>
      <subfield code="e">SIUNPA</subfield>
      <subfield code="8">CG</subfield>
    </datafield>
    <datafield tag="952" ind1=" " ind2=" ">
      <subfield code="a">BIB_RECT</subfield>
      <subfield code="b">BIB_UART</subfield>
      <subfield code="d">2006-03-07</subfield>
      <subfield code="y">BK</subfield>
      <subfield code="p">03-29931</subfield>
      <subfield code="i">03-29931</subfield>
      <subfield code="g">22.78</subfield>
      <subfield code="o">614.84 T967p</subfield>
      <subfield code="e">SIUNPA</subfield>
      <subfield code="8">CG</subfield>
    </datafield>
    <datafield tag="952" ind1=" " ind2=" ">
      <subfield code="a">BIB_RECT</subfield>
      <subfield code="b">BIB_UART</subfield>
      <subfield code="d">2006-03-07</subfield>
      <subfield code="y">BK</subfield>
      <subfield code="p">03-29932</subfield>
      <subfield code="i">03-29932</subfield>
      <subfield code="g">300</subfield>
      <subfield code="o">614.84 T967p</subfield>
      <subfield code="e">SIUNPA</subfield>
      <subfield code="8">CG</subfield>
    </datafield>
    <datafield tag="952" ind1=" " ind2=" ">
      <subfield code="a">BIB_RECT</subfield>
      <subfield code="b">BIB_UART</subfield>
      <subfield code="d">2006-03-07</subfield>
      <subfield code="y">BK</subfield>
      <subfield code="p">03-29933</subfield>
      <subfield code="i">03-29933</subfield>
      <subfield code="g">22.78</subfield>
      <subfield code="o">614.84 T967p</subfield>
      <subfield code="e">SIUNPA</subfield>
      <subfield code="8">CG</subfield>
    </datafield>
    <datafield tag="952" ind1=" " ind2=" ">
      <subfield code="a">BIB_RECT</subfield>
      <subfield code="b">BIB_UART</subfield>
      <subfield code="d">2006-03-07</subfield>
      <subfield code="y">BK</subfield>
      <subfield code="p">03-29934</subfield>
      <subfield code="i">03-29934</subfield>
      <subfield code="g">300</subfield>
      <subfield code="o">614.84 T967p</subfield>
      <subfield code="e">SIUNPA</subfield>
      <subfield code="8">CG</subfield>
    </datafield>
    <datafield tag="952" ind1=" " ind2=" ">
      <subfield code="a">BIB_RECT</subfield>
      <subfield code="b">BIB_UART</subfield>
      <subfield code="d">2006-03-07</subfield>
      <subfield code="y">BK</subfield>
      <subfield code="p">03-29935</subfield>
      <subfield code="i">03-29935</subfield>
      <subfield code="g">22.78</subfield>
      <subfield code="o">614.84 T967p</subfield>
      <subfield code="e">SIUNPA</subfield>
      <subfield code="8">CG</subfield>
    </datafield>
  </record>