
  <record>
    <leader>01000aam  22002601a 4500</leader>
    <controlfield tag="001">YPZ5896</controlfield>
    <controlfield tag="003">YPZ</controlfield>
    <controlfield tag="005">200604050951220</controlfield>
    <controlfield tag="008">060405|###########||||||b||||||||||spa|d</controlfield>
    <datafield tag="020" ind1=" " ind2=" ">
      <subfield code="a">9875641219 (v.1)</subfield>
    </datafield>
    <datafield tag="020" ind1=" " ind2=" ">
      <subfield code="a">9875641227 (v.2)</subfield>
    </datafield>
    <datafield tag="020" ind1=" " ind2=" ">
      <subfield code="a">9875641235 (v.3)</subfield>
    </datafield>
    <datafield tag="020" ind1=" " ind2=" ">
      <subfield code="a">9875641243 (v.4)</subfield>
    </datafield>
    <datafield tag="020" ind1=" " ind2=" ">
      <subfield code="a">9875641251 (v.5)</subfield>
    </datafield>
    <datafield tag="040" ind1=" " ind2=" ">
      <subfield code="c">SIUNPA</subfield>
    </datafield>
    <datafield tag="041" ind1=" " ind2=" ">
      <subfield code="a">spa</subfield>
    </datafield>
    <datafield tag="044" ind1=" " ind2=" ">
      <subfield code="a">AR</subfield>
    </datafield>
    <datafield tag="080" ind1=" " ind2=" ">
      <subfield code="a">821.134.2(82) P745p</subfield>
    </datafield>
    <datafield tag="110" ind1=" " ind2=" ">
      <subfield code="a">Certamen Internacional Poetas y Narradores Contemporáneos (7 : 2004 : Buenos Aires).</subfield>
    </datafield>
    <datafield tag="245" ind1=" " ind2=" ">
      <subfield code="a">Poetas y narradores contemporáneos 2004</subfield>
      <subfield code="b"> : antología</subfield>
      <subfield code="c"> / Carnoy, Martín, coordinador ; Cosse, Gustavo, coordinador ; Cox, Cristian, coordinador ; Martínez Larrechea, Enrique, coordinador</subfield>
    </datafield>
    <datafield tag="250" ind1=" " ind2=" ">
      <subfield code="a">1a. ed.</subfield>
    </datafield>
    <datafield tag="260" ind1=" " ind2=" ">
      <subfield code="a">Buenos Aires</subfield>
      <subfield code="b"> : De los Cuatro Vientos</subfield>
      <subfield code="c"> , 2004</subfield>
    </datafield>
    <datafield tag="650" ind1=" " ind2=" ">
      <subfield code="a"> LITERATURA ARGENTINA</subfield>
    </datafield>
    <datafield tag="650" ind1=" " ind2=" ">
      <subfield code="a"> POESIA</subfield>
    </datafield>
    <datafield tag="650" ind1=" " ind2=" ">
      <subfield code="a"> CUENTO</subfield>
    </datafield>
    <datafield tag="650" ind1=" " ind2=" ">
      <subfield code="a"> ANTOLOGIA</subfield>
    </datafield>
    <datafield tag="650" ind1=" " ind2=" ">
      <subfield code="a"> ARGENTINA </subfield>
    </datafield>
    <datafield tag="650" ind1=" " ind2=" ">
      <subfield code="a"> CHILE </subfield>
    </datafield>
    <datafield tag="650" ind1=" " ind2=" ">
      <subfield code="a"> URUGUAY</subfield>
    </datafield>
    <datafield tag="942" ind1=" " ind2=" ">
      <subfield code="c">BK</subfield>
    </datafield>
    <datafield tag="952" ind1=" " ind2=" ">
      <subfield code="a">BIB_RECT</subfield>
      <subfield code="b">BIB_UARG</subfield>
      <subfield code="d">2006-02-20</subfield>
      <subfield code="y">BK</subfield>
      <subfield code="p">05-29744</subfield>
      <subfield code="i">05-29744</subfield>
      <subfield code="g">17</subfield>
      <subfield code="o">821.134.2(82) P745p</subfield>
      <subfield code="e">Donación Pino, Mirta del</subfield>
      <subfield code="8">CG</subfield>
    </datafield>
    <datafield tag="952" ind1=" " ind2=" ">
      <subfield code="a">BIB_RECT</subfield>
      <subfield code="b">BIB_UARG</subfield>
      <subfield code="d">2006-02-20</subfield>
      <subfield code="y">BK</subfield>
      <subfield code="p">05-29745</subfield>
      <subfield code="i">05-29745</subfield>
      <subfield code="g">17</subfield>
      <subfield code="o">821.134.2(82) P745p</subfield>
      <subfield code="e">Donación Pino, Mirta del</subfield>
      <subfield code="8">CG</subfield>
    </datafield>
    <datafield tag="952" ind1=" " ind2=" ">
      <subfield code="a">BIB_RECT</subfield>
      <subfield code="b">BIB_UARG</subfield>
      <subfield code="d">2006-02-20</subfield>
      <subfield code="y">BK</subfield>
      <subfield code="p">05-29746</subfield>
      <subfield code="i">05-29746</subfield>
      <subfield code="g">17</subfield>
      <subfield code="o">821.134.2(82) P745p</subfield>
      <subfield code="e">Donación Pino, Mirta del</subfield>
      <subfield code="8">CG</subfield>
    </datafield>
    <datafield tag="952" ind1=" " ind2=" ">
      <subfield code="a">BIB_RECT</subfield>
      <subfield code="b">BIB_UARG</subfield>
      <subfield code="d">2006-02-20</subfield>
      <subfield code="y">BK</subfield>
      <subfield code="p">05-29747</subfield>
      <subfield code="i">05-29747</subfield>
      <subfield code="g">17</subfield>
      <subfield code="o">821.134.2(82) P745p</subfield>
      <subfield code="e">Donación Pino, Mirta del</subfield>
      <subfield code="8">CG</subfield>
    </datafield>
    <datafield tag="952" ind1=" " ind2=" ">
      <subfield code="a">BIB_RECT</subfield>
      <subfield code="b">BIB_UARG</subfield>
      <subfield code="d">2006-02-20</subfield>
      <subfield code="y">BK</subfield>
      <subfield code="p">05-29748</subfield>
      <subfield code="i">05-29748</subfield>
      <subfield code="g">17</subfield>
      <subfield code="o">821.134.2(82) P745p</subfield>
      <subfield code="e">Donación Pino, Mirta del</subfield>
      <subfield code="8">CG</subfield>
    </datafield>
  </record>