
  <record>
    <leader>01000aam  22002601a 4500</leader>
    <controlfield tag="001">YPZ5907</controlfield>
    <controlfield tag="003">YPZ</controlfield>
    <controlfield tag="005">200604061539090</controlfield>
    <controlfield tag="008">060406|###########||||||b||||||||||spa|d</controlfield>
    <datafield tag="020" ind1=" " ind2=" ">
      <subfield code="a">0072866055</subfield>
    </datafield>
    <datafield tag="020" ind1=" " ind2=" ">
      <subfield code="a">0072866071 (CDROM)</subfield>
    </datafield>
    <datafield tag="040" ind1=" " ind2=" ">
      <subfield code="c">SIUNPA</subfield>
    </datafield>
    <datafield tag="041" ind1=" " ind2=" ">
      <subfield code="a">eng</subfield>
    </datafield>
    <datafield tag="044" ind1=" " ind2=" ">
      <subfield code="a">US</subfield>
    </datafield>
    <datafield tag="080" ind1=" " ind2=" ">
      <subfield code="a">004.738.52 S715p</subfield>
    </datafield>
    <datafield tag="100" ind1=" " ind2=" ">
      <subfield code="a">Sosinsky, Barrie.</subfield>
    </datafield>
    <datafield tag="700" ind1=" " ind2=" ">
      <subfield code="a">Hilley, Valda.</subfield>
    </datafield>
    <datafield tag="245" ind1=" " ind2=" ">
      <subfield code="a">Programming the web</subfield>
      <subfield code="b"> : an introduction</subfield>
    </datafield>
    <datafield tag="260" ind1=" " ind2=" ">
      <subfield code="a">Boston, Mass.</subfield>
      <subfield code="b"> : McGraw-Hill Technology Education</subfield>
      <subfield code="c"> , 2004</subfield>
    </datafield>
    <datafield tag="300" ind1=" " ind2=" ">
      <subfield code="a">xxvii, 758 p. : </subfield>
      <subfield code="b">il. ; </subfield>
      <subfield code="a">xxxvi, 574 p. : </subfield>
      <subfield code="a">294 p. : </subfield>
      <subfield code="a">xii, 457 p. : </subfield>
      <subfield code="b">il. ; </subfield>
      <subfield code="a">213 p. : </subfield>
      <subfield code="a">5 v. : </subfield>
      <subfield code="b">il. ; </subfield>
      <subfield code="a">407 p. : </subfield>
      <subfield code="b">cuadros ; </subfield>
      <subfield code="a">xix, 168 p. : </subfield>
      <subfield code="b">il. ; </subfield>
      <subfield code="a">229 p. : </subfield>
      <subfield code="b">il. ; </subfield>
      <subfield code="a">415 p. : </subfield>
      <subfield code="b">il. ; </subfield>
      <subfield code="a">82 p. : </subfield>
      <subfield code="b">il. ; </subfield>
      <subfield code="a">xxvi, 611 p. : </subfield>
      <subfield code="b">il. ; </subfield>
      <subfield code="a">viii, 420 p. : </subfield>
      <subfield code="b">il. ; </subfield>
      <subfield code="a">126 p. : </subfield>
      <subfield code="a">197 p. : </subfield>
      <subfield code="b">il. ; </subfield>
      <subfield code="a">xi, 393 p. : </subfield>
      <subfield code="b">il. ; </subfield>
      <subfield code="a">xvii, 396 p. : </subfield>
      <subfield code="b">il. ; </subfield>
      <subfield code="e">1 CD-ROM en bolsillo</subfield>
    </datafield>
    <datafield tag="505" ind1=" " ind2=" ">
      <subfield code="a">Contenido del CD-ROM: Code examples and exercises</subfield>
    </datafield>
    <datafield tag="650" ind1=" " ind2=" ">
      <subfield code="a"> INTERNET</subfield>
    </datafield>
    <datafield tag="650" ind1=" " ind2=" ">
      <subfield code="a"> LENGUAJE XML</subfield>
    </datafield>
    <datafield tag="650" ind1=" " ind2=" ">
      <subfield code="a"> PAGINA WEB</subfield>
    </datafield>
    <datafield tag="650" ind1=" " ind2=" ">
      <subfield code="a"> LENGUAJE DE PROGRAMACION</subfield>
    </datafield>
    <datafield tag="942" ind1=" " ind2=" ">
      <subfield code="c">BK</subfield>
    </datafield>
    <datafield tag="952" ind1=" " ind2=" ">
      <subfield code="a">BIB_RECT</subfield>
      <subfield code="b">BIB_UACO</subfield>
      <subfield code="d">2006-03-02</subfield>
      <subfield code="y">BK</subfield>
      <subfield code="p">02-29902</subfield>
      <subfield code="i">02-29902</subfield>
      <subfield code="g">135</subfield>
      <subfield code="o">004.738.52 S715p</subfield>
      <subfield code="e">SIUNPA</subfield>
      <subfield code="8">CG</subfield>
    </datafield>
  </record>