
  <record>
    <leader>01000aam  22002601a 4500</leader>
    <controlfield tag="001">YPZ5938</controlfield>
    <controlfield tag="003">YPZ</controlfield>
    <controlfield tag="005">200604121034500</controlfield>
    <controlfield tag="008">060412|###########||||||b||||||||||spa|d</controlfield>
    <datafield tag="020" ind1=" " ind2=" ">
      <subfield code="a">9872238278</subfield>
    </datafield>
    <datafield tag="040" ind1=" " ind2=" ">
      <subfield code="c">SIUNPA</subfield>
    </datafield>
    <datafield tag="041" ind1=" " ind2=" ">
      <subfield code="a">spa</subfield>
    </datafield>
    <datafield tag="044" ind1=" " ind2=" ">
      <subfield code="a">AR</subfield>
    </datafield>
    <datafield tag="080" ind1=" " ind2=" ">
      <subfield code="a">028.1 P964pr</subfield>
    </datafield>
    <datafield tag="100" ind1=" " ind2=" ">
      <subfield code="a">Dennler, Mercedes.</subfield>
    </datafield>
    <datafield tag="700" ind1=" " ind2=" ">
      <subfield code="a">Castagno, Fabiana.</subfield>
    </datafield>
    <datafield tag="700" ind1=" " ind2=" ">
      <subfield code="a">Florit, Ana.</subfield>
    </datafield>
    <datafield tag="700" ind1=" " ind2=" ">
      <subfield code="a">Alochis, Ivana.</subfield>
    </datafield>
    <datafield tag="245" ind1=" " ind2=" ">
      <subfield code="a">Producir y significar a partir de la lectura y la escritura</subfield>
      <subfield code="b"> : documentos de trabajo para el alumno</subfield>
      <subfield code="c"> / Bedacarratx, Valeria, coordinadora ; Andrade, Larry, coordinador</subfield>
    </datafield>
    <datafield tag="260" ind1=" " ind2=" ">
      <subfield code="a">San Julián</subfield>
      <subfield code="b"> : Unidad Académica San Julián, UNPA</subfield>
      <subfield code="c"> , 2006</subfield>
    </datafield>
    <datafield tag="650" ind1=" " ind2=" ">
      <subfield code="a"> LECTURAESCRITURA</subfield>
    </datafield>
    <datafield tag="650" ind1=" " ind2=" ">
      <subfield code="a"> COMPRENSION DE TEXTOS</subfield>
    </datafield>
    <datafield tag="942" ind1=" " ind2=" ">
      <subfield code="c">BK</subfield>
    </datafield>
    <datafield tag="952" ind1=" " ind2=" ">
      <subfield code="a">BIB_RECT</subfield>
      <subfield code="b">BIB_UASJ</subfield>
      <subfield code="d">2006-04-11</subfield>
      <subfield code="y">BK</subfield>
      <subfield code="p">04-30147</subfield>
      <subfield code="i">04-30147</subfield>
      <subfield code="g">20</subfield>
      <subfield code="o">028.1 P964pr</subfield>
      <subfield code="e">UASJ</subfield>
      <subfield code="8">CG</subfield>
    </datafield>
    <datafield tag="952" ind1=" " ind2=" ">
      <subfield code="a">BIB_RECT</subfield>
      <subfield code="b">BIB_UASJ</subfield>
      <subfield code="d">2006-04-11</subfield>
      <subfield code="y">BK</subfield>
      <subfield code="p">04-30148</subfield>
      <subfield code="i">04-30148</subfield>
      <subfield code="g">20</subfield>
      <subfield code="o">028.1 P964pr</subfield>
      <subfield code="e">UASJ</subfield>
      <subfield code="8">CG</subfield>
    </datafield>
    <datafield tag="952" ind1=" " ind2=" ">
      <subfield code="a">BIB_RECT</subfield>
      <subfield code="b">BIB_UASJ</subfield>
      <subfield code="d">2006-04-11</subfield>
      <subfield code="y">BK</subfield>
      <subfield code="p">04-30149</subfield>
      <subfield code="i">04-30149</subfield>
      <subfield code="g">20</subfield>
      <subfield code="o">028.1 P964pr</subfield>
      <subfield code="e">UASJ</subfield>
      <subfield code="8">CG</subfield>
    </datafield>
    <datafield tag="952" ind1=" " ind2=" ">
      <subfield code="a">BIB_RECT</subfield>
      <subfield code="b">BIB_UASJ</subfield>
      <subfield code="d">2006-04-11</subfield>
      <subfield code="y">BK</subfield>
      <subfield code="p">04-30150</subfield>
      <subfield code="i">04-30150</subfield>
      <subfield code="g">20</subfield>
      <subfield code="o">028.1 P964pr</subfield>
      <subfield code="e">UASJ</subfield>
      <subfield code="8">CG</subfield>
    </datafield>
    <datafield tag="952" ind1=" " ind2=" ">
      <subfield code="a">BIB_RECT</subfield>
      <subfield code="b">BIB_UASJ</subfield>
      <subfield code="d">2006-04-11</subfield>
      <subfield code="y">BK</subfield>
      <subfield code="p">04-30151</subfield>
      <subfield code="i">04-30151</subfield>
      <subfield code="g">20</subfield>
      <subfield code="o">028.1 P964pr</subfield>
      <subfield code="e">UASJ</subfield>
      <subfield code="8">CG</subfield>
    </datafield>
    <datafield tag="952" ind1=" " ind2=" ">
      <subfield code="a">BIB_RECT</subfield>
      <subfield code="b">BIB_UASJ</subfield>
      <subfield code="d">2006-04-11</subfield>
      <subfield code="y">BK</subfield>
      <subfield code="p">04-30152</subfield>
      <subfield code="i">04-30152</subfield>
      <subfield code="g">20</subfield>
      <subfield code="o">028.1 P964pr</subfield>
      <subfield code="e">UASJ</subfield>
      <subfield code="8">CG</subfield>
    </datafield>
    <datafield tag="952" ind1=" " ind2=" ">
      <subfield code="a">BIB_RECT</subfield>
      <subfield code="b">BIB_UASJ</subfield>
      <subfield code="d">2006-04-11</subfield>
      <subfield code="y">BK</subfield>
      <subfield code="p">04-30153</subfield>
      <subfield code="i">04-30153</subfield>
      <subfield code="g">20</subfield>
      <subfield code="o">028.1 P964pr</subfield>
      <subfield code="e">UASJ</subfield>
      <subfield code="8">CG</subfield>
    </datafield>
    <datafield tag="952" ind1=" " ind2=" ">
      <subfield code="a">BIB_RECT</subfield>
      <subfield code="b">BIB_UASJ</subfield>
      <subfield code="d">2006-04-11</subfield>
      <subfield code="y">BK</subfield>
      <subfield code="p">04-30154</subfield>
      <subfield code="i">04-30154</subfield>
      <subfield code="g">20</subfield>
      <subfield code="o">028.1 P964pr</subfield>
      <subfield code="e">UASJ</subfield>
      <subfield code="8">CG</subfield>
    </datafield>
  </record>