
  <record>
    <leader>01000aam  22002601a 4500</leader>
    <controlfield tag="001">YPZ5948</controlfield>
    <controlfield tag="003">YPZ</controlfield>
    <controlfield tag="005">200604171053220</controlfield>
    <controlfield tag="008">060417|###########||||||b||||||||||spa|d</controlfield>
    <datafield tag="020" ind1=" " ind2=" ">
      <subfield code="a">9688534110</subfield>
    </datafield>
    <datafield tag="040" ind1=" " ind2=" ">
      <subfield code="c">SIUNPA</subfield>
    </datafield>
    <datafield tag="041" ind1=" " ind2=" ">
      <subfield code="a">spa</subfield>
    </datafield>
    <datafield tag="044" ind1=" " ind2=" ">
      <subfield code="a">MX</subfield>
    </datafield>
    <datafield tag="080" ind1=" " ind2=" ">
      <subfield code="a">159.9.072 A625t</subfield>
    </datafield>
    <datafield tag="100" ind1=" " ind2=" ">
      <subfield code="a">Anstey, Edgar.</subfield>
    </datafield>
    <datafield tag="700" ind1=" " ind2=" ">
      <subfield code="a">Bernstein, Jaime.</subfield>
    </datafield>
    <datafield tag="700" ind1=" " ind2=" ">
      <subfield code="a">Risso, Washington L..</subfield>
    </datafield>
    <datafield tag="245" ind1=" " ind2=" ">
      <subfield code="a">Test de dominós para la medida de la capacidad intelectual</subfield>
      <subfield code="b"> : manual</subfield>
    </datafield>
    <datafield tag="250" ind1=" " ind2=" ">
      <subfield code="a">1a. ed.</subfield>
    </datafield>
    <datafield tag="260" ind1=" " ind2=" ">
      <subfield code="a">México, D.F.</subfield>
      <subfield code="b"> : Paidós</subfield>
      <subfield code="c"> , reimpr. 2002</subfield>
    </datafield>
    <datafield tag="300" ind1=" " ind2=" ">
      <subfield code="a">xxiii, 272 p. : </subfield>
      <subfield code="b">il. ; </subfield>
      <subfield code="a">xxiii, 408 p. : </subfield>
      <subfield code="b">il. ; </subfield>
      <subfield code="a">xxiv, 360 p. : </subfield>
      <subfield code="b">il. ; </subfield>
      <subfield code="a">xxxvii, 914 p. : </subfield>
      <subfield code="b">il. ; </subfield>
      <subfield code="a">129 p. : </subfield>
      <subfield code="a">190 p. : </subfield>
      <subfield code="a">686 p. : </subfield>
      <subfield code="b">il. ; </subfield>
      <subfield code="a">183 p. : </subfield>
      <subfield code="a">xxiii, 408 p. : </subfield>
      <subfield code="b">il. ; </subfield>
      <subfield code="a">xxix, 666 p. : </subfield>
      <subfield code="b">il. ; </subfield>
      <subfield code="a">xv, 284 p. : </subfield>
      <subfield code="b">il. ; </subfield>
      <subfield code="a">xxiv, 330p. : </subfield>
      <subfield code="b">il. ; </subfield>
      <subfield code="a">xiv, 389 p. : </subfield>
      <subfield code="b">il. ; </subfield>
      <subfield code="a">viii, 589 p. : </subfield>
      <subfield code="b">il. ; </subfield>
      <subfield code="a">xxi, 562 p. : </subfield>
      <subfield code="b">il. ; </subfield>
      <subfield code="a">xviii, 604 p. : </subfield>
      <subfield code="b">il. ; </subfield>
      <subfield code="a">211 p. : </subfield>
      <subfield code="b">il. ; </subfield>
      <subfield code="a">xvi, 364 p. : </subfield>
      <subfield code="b">il. ; </subfield>
      <subfield code="a">xv, 889 p. : </subfield>
      <subfield code="b">il. ; </subfield>
      <subfield code="a">351 p. : </subfield>
      <subfield code="a">238 p. : </subfield>
      <subfield code="a">207 p. : </subfield>
      <subfield code="a">343 p. : </subfield>
      <subfield code="b">il. ; </subfield>
      <subfield code="a">141 p. : </subfield>
      <subfield code="a">110 p. : </subfield>
      <subfield code="b">il. ; </subfield>
      <subfield code="a">viii, 239 p. : </subfield>
      <subfield code="b">il. ; </subfield>
      <subfield code="a">486 p. : </subfield>
      <subfield code="b">il. ; </subfield>
      <subfield code="a">367 p. : </subfield>
      <subfield code="b">il. ; </subfield>
      <subfield code="a">98 p. : </subfield>
      <subfield code="b">il. ; </subfield>
      <subfield code="a">178 p. : </subfield>
      <subfield code="a">75 p. : </subfield>
      <subfield code="b">il. ; </subfield>
      <subfield code="a">106 p. : </subfield>
      <subfield code="b">il. ; </subfield>
      <subfield code="a">126 p. : </subfield>
      <subfield code="b">il. ; </subfield>
      <subfield code="a">371 p. : </subfield>
      <subfield code="b">il. ; </subfield>
      <subfield code="a">88 p. : </subfield>
      <subfield code="b">il. ; </subfield>
      <subfield code="a">397 p. : </subfield>
      <subfield code="b">il. ; </subfield>
      <subfield code="a">ix, 356 p. : </subfield>
      <subfield code="b">il. ; </subfield>
      <subfield code="a">xxv, 550 p. : </subfield>
      <subfield code="b">il. ; </subfield>
      <subfield code="a">170 p. : </subfield>
      <subfield code="a">53 p. : </subfield>
      <subfield code="b">il. ; </subfield>
      <subfield code="e">1 cuaderno de prueba + 1 portafolio Clave matriz de corrección (4 hojas sueltas)</subfield>
    </datafield>
    <datafield tag="500" ind1=" " ind2=" ">
      <subfield code="a">Contiene: Los tests de grupos y figuras de puntos / Jaime Bernstein (p. 7-43); Estandarización / Washington L. Risso (p. 47-53)</subfield>
    </datafield>
    <datafield tag="650" ind1=" " ind2=" ">
      <subfield code="a"> TEST DE DOMINOS</subfield>
    </datafield>
    <datafield tag="650" ind1=" " ind2=" ">
      <subfield code="a"> TESTS DE INTELIGENCIA</subfield>
    </datafield>
    <datafield tag="650" ind1=" " ind2=" ">
      <subfield code="a"> PSICODIAGNOSTICO</subfield>
    </datafield>
    <datafield tag="942" ind1=" " ind2=" ">
      <subfield code="c">BK</subfield>
    </datafield>
    <datafield tag="952" ind1=" " ind2=" ">
      <subfield code="a">BIB_RECT</subfield>
      <subfield code="b">BIB_UARG</subfield>
      <subfield code="d">2006-03-27</subfield>
      <subfield code="y">BK</subfield>
      <subfield code="p">05-30130</subfield>
      <subfield code="i">05-30130</subfield>
      <subfield code="g">70</subfield>
      <subfield code="o">159.9.072 A625t</subfield>
      <subfield code="e">Donación APEP/04</subfield>
      <subfield code="8">CG</subfield>
    </datafield>
    <datafield tag="952" ind1=" " ind2=" ">
      <subfield code="a">BIB_RECT</subfield>
      <subfield code="b">BIB_UARG</subfield>
      <subfield code="d">2006-03-27</subfield>
      <subfield code="y">BK</subfield>
      <subfield code="p">05-30131</subfield>
      <subfield code="i">05-30131</subfield>
      <subfield code="g">35</subfield>
      <subfield code="o">159.9.072 A625t</subfield>
      <subfield code="e">Donación APEP/04</subfield>
      <subfield code="8">CG</subfield>
    </datafield>
    <datafield tag="952" ind1=" " ind2=" ">
      <subfield code="a">BIB_RECT</subfield>
      <subfield code="b">BIB_UARG</subfield>
      <subfield code="d">2006-03-27</subfield>
      <subfield code="y">BK</subfield>
      <subfield code="p">05-30132</subfield>
      <subfield code="i">05-30132</subfield>
      <subfield code="g">30</subfield>
      <subfield code="o">159.9.072 A625t</subfield>
      <subfield code="e">Donación APEP</subfield>
      <subfield code="8">CG</subfield>
    </datafield>
  </record>