
  <record>
    <leader>01000aam  22002601a 4500</leader>
    <controlfield tag="001">YPZ5956</controlfield>
    <controlfield tag="003">YPZ</controlfield>
    <controlfield tag="005">200604181120050</controlfield>
    <controlfield tag="008">060418|###########||||||b||||||||||spa|d</controlfield>
    <datafield tag="020" ind1=" " ind2=" ">
      <subfield code="a">9500004887</subfield>
    </datafield>
    <datafield tag="040" ind1=" " ind2=" ">
      <subfield code="c">SIUNPA</subfield>
    </datafield>
    <datafield tag="041" ind1=" " ind2=" ">
      <subfield code="a">spa</subfield>
    </datafield>
    <datafield tag="044" ind1=" " ind2=" ">
      <subfield code="a">AR</subfield>
      <subfield code="a">CL</subfield>
      <subfield code="a">GB</subfield>
    </datafield>
    <datafield tag="080" ind1=" " ind2=" ">
      <subfield code="a">37.014 R332r</subfield>
    </datafield>
    <datafield tag="110" ind1=" " ind2=" ">
      <subfield code="a">Proyecto Alcance y Resultados de las Reformas Educativas en Argentina, Chile y Uruguay.</subfield>
    </datafield>
    <datafield tag="710" ind1=" " ind2=" ">
      <subfield code="a">Argentina. Ministerio de Educación, Ciencia y Tecnología.</subfield>
    </datafield>
    <datafield tag="710" ind1=" " ind2=" ">
      <subfield code="a">Chile. Ministerio de Educación.</subfield>
    </datafield>
    <datafield tag="710" ind1=" " ind2=" ">
      <subfield code="a">Uruguay. Ministerio de Educación.</subfield>
    </datafield>
    <datafield tag="710" ind1=" " ind2=" ">
      <subfield code="a">University of Stanford. Grupo Asesor.</subfield>
    </datafield>
    <datafield tag="245" ind1=" " ind2=" ">
      <subfield code="a">Las reformas educativas en la década de 1990</subfield>
      <subfield code="b"> : un estudio comparado de Argentina, Chile y Uruguay</subfield>
      <subfield code="c"> / Carnoy, Martín, coordinador ; Cosse, Gustavo, coordinador ; Cox, Cristian, coordinador ; Martínez Larrechea, Enrique, coordinador</subfield>
    </datafield>
    <datafield tag="250" ind1=" " ind2=" ">
      <subfield code="a">1a. ed.</subfield>
    </datafield>
    <datafield tag="260" ind1=" " ind2=" ">
      <subfield code="a">Buenos Aires</subfield>
      <subfield code="a">Santiago de Chile</subfield>
      <subfield code="a">Stanford</subfield>
      <subfield code="b"> : Banco Interamericano de Desarrollo, Argentina</subfield>
      <subfield code="b"> : Ministerio de Educación, Ciencia y Tecnología, Argentina</subfield>
      <subfield code="b"> : Ministerio de Educación, Chile</subfield>
      <subfield code="b"> : Ministerio de Educación, Uruguay</subfield>
      <subfield code="b"> : Grupo Asesor de la Universidad de Stanford</subfield>
      <subfield code="c"> , 2004</subfield>
    </datafield>
    <datafield tag="650" ind1=" " ind2=" ">
      <subfield code="a"> REFORMA DE LA EDUCACION</subfield>
    </datafield>
    <datafield tag="650" ind1=" " ind2=" ">
      <subfield code="a"> POLITICAS DE EDUCACION</subfield>
    </datafield>
    <datafield tag="650" ind1=" " ind2=" ">
      <subfield code="a"> FINANCIACION DE LA EDUCACION</subfield>
    </datafield>
    <datafield tag="650" ind1=" " ind2=" ">
      <subfield code="a"> ESTADO Y EDUCACION </subfield>
    </datafield>
    <datafield tag="650" ind1=" " ind2=" ">
      <subfield code="a"> DOCENTES</subfield>
    </datafield>
    <datafield tag="650" ind1=" " ind2=" ">
      <subfield code="a"> ARGENTINA </subfield>
    </datafield>
    <datafield tag="650" ind1=" " ind2=" ">
      <subfield code="a"> CHILE </subfield>
    </datafield>
    <datafield tag="650" ind1=" " ind2=" ">
      <subfield code="a"> URUGUAY</subfield>
    </datafield>
    <datafield tag="942" ind1=" " ind2=" ">
      <subfield code="c">BK</subfield>
    </datafield>
    <datafield tag="952" ind1=" " ind2=" ">
      <subfield code="a">BIB_RECT</subfield>
      <subfield code="b">BIB_UACO</subfield>
      <subfield code="d">2006-03-08</subfield>
      <subfield code="y">BK</subfield>
      <subfield code="p">02-29938</subfield>
      <subfield code="i">02-29938</subfield>
      <subfield code="g">42</subfield>
      <subfield code="o">37.014 R332r</subfield>
      <subfield code="e">Donación</subfield>
      <subfield code="8">CG</subfield>
    </datafield>
    <datafield tag="952" ind1=" " ind2=" ">
      <subfield code="a">BIB_RECT</subfield>
      <subfield code="b">BIB_UART</subfield>
      <subfield code="d">2006-03-10</subfield>
      <subfield code="y">BK</subfield>
      <subfield code="p">03-29936</subfield>
      <subfield code="i">03-29936</subfield>
      <subfield code="g">42</subfield>
      <subfield code="o">37.014 R332r</subfield>
      <subfield code="e">Donación</subfield>
      <subfield code="8">CG</subfield>
    </datafield>
    <datafield tag="952" ind1=" " ind2=" ">
      <subfield code="a">BIB_RECT</subfield>
      <subfield code="b">BIB_UASJ</subfield>
      <subfield code="d">2006-03-08</subfield>
      <subfield code="y">BK</subfield>
      <subfield code="p">04-29937</subfield>
      <subfield code="i">04-29937</subfield>
      <subfield code="g">42</subfield>
      <subfield code="o">37.014 R332r</subfield>
      <subfield code="e">Donación</subfield>
      <subfield code="8">CG</subfield>
    </datafield>
    <datafield tag="952" ind1=" " ind2=" ">
      <subfield code="a">BIB_RECT</subfield>
      <subfield code="b">BIB_UARG</subfield>
      <subfield code="d">2006-03-08</subfield>
      <subfield code="y">BK</subfield>
      <subfield code="p">05-29939</subfield>
      <subfield code="i">05-29939</subfield>
      <subfield code="g">42</subfield>
      <subfield code="o">37.014 R332r</subfield>
      <subfield code="e">Donación</subfield>
      <subfield code="8">CG</subfield>
    </datafield>
  </record>