
  <record>
    <leader>01000aam  22002601a 4500</leader>
    <controlfield tag="001">YPZ5967</controlfield>
    <controlfield tag="003">YPZ</controlfield>
    <controlfield tag="005">200604191751480</controlfield>
    <controlfield tag="008">060419|###########||||||b||||||||||spa|d</controlfield>
    <datafield tag="020" ind1=" " ind2=" ">
      <subfield code="a">8430620885</subfield>
    </datafield>
    <datafield tag="040" ind1=" " ind2=" ">
      <subfield code="c">SIUNPA</subfield>
    </datafield>
    <datafield tag="041" ind1=" " ind2=" ">
      <subfield code="a">spa</subfield>
    </datafield>
    <datafield tag="044" ind1=" " ind2=" ">
      <subfield code="a">ES</subfield>
    </datafield>
    <datafield tag="080" ind1=" " ind2=" ">
      <subfield code="a">821.134.2(82).09</subfield>
    </datafield>
    <datafield tag="245" ind1=" " ind2=" ">
      <subfield code="a">Jorge Luis Borges</subfield>
      <subfield code="c"> / Alazraki, Jaime, ed.</subfield>
    </datafield>
    <datafield tag="260" ind1=" " ind2=" ">
      <subfield code="a">Madrid</subfield>
      <subfield code="b"> : Taurus</subfield>
      <subfield code="c"> , 1976</subfield>
    </datafield>
    <datafield tag="440" ind1=" " ind2=" ">
      <subfield code="a">Educación</subfield>
      <subfield code="a">Memoria de la historia. Episodios</subfield>
      <subfield code="a">Mujeres apasionadas</subfield>
      <subfield code="a">el escritor y la crítica</subfield>
      <subfield code="v">88</subfield>
    </datafield>
    <datafield tag="490" ind1=" " ind2=" ">
      <subfield code="a">Educación</subfield>
      <subfield code="a">Memoria de la historia. Episodios</subfield>
      <subfield code="a">Mujeres apasionadas</subfield>
      <subfield code="a">el escritor y la crítica</subfield>
      <subfield code="v">88</subfield>
    </datafield>
    <datafield tag="650" ind1=" " ind2=" ">
      <subfield code="a"> BORGES, JORGE LUIS (18991986)</subfield>
    </datafield>
    <datafield tag="650" ind1=" " ind2=" ">
      <subfield code="a"> LITERATURA ARGENTINA</subfield>
    </datafield>
    <datafield tag="650" ind1=" " ind2=" ">
      <subfield code="a"> CRITICA LITERARIA</subfield>
    </datafield>
    <datafield tag="942" ind1=" " ind2=" ">
      <subfield code="c">BK</subfield>
    </datafield>
    <datafield tag="952" ind1=" " ind2=" ">
      <subfield code="a">BIB_RECT</subfield>
      <subfield code="b">BIB_UACO</subfield>
      <subfield code="d">2006-03-10</subfield>
      <subfield code="y">BK</subfield>
      <subfield code="p">02-29948</subfield>
      <subfield code="i">02-29948</subfield>
      <subfield code="g">26</subfield>
      <subfield code="o">821.134.2(82).09</subfield>
      <subfield code="e">Donación Carrero, Marta</subfield>
      <subfield code="8">CG</subfield>
    </datafield>
  </record>