
  <record>
    <leader>01000aam  22002601a 4500</leader>
    <controlfield tag="001">YPZ5976</controlfield>
    <controlfield tag="003">YPZ</controlfield>
    <controlfield tag="005">200604211853170</controlfield>
    <controlfield tag="008">060421|###########||||||b||||||||||spa|d</controlfield>
    <datafield tag="020" ind1=" " ind2=" ">
      <subfield code="a">9507421270</subfield>
    </datafield>
    <datafield tag="040" ind1=" " ind2=" ">
      <subfield code="c">SIUNPA</subfield>
    </datafield>
    <datafield tag="041" ind1=" " ind2=" ">
      <subfield code="a">spa</subfield>
    </datafield>
    <datafield tag="044" ind1=" " ind2=" ">
      <subfield code="a">AR</subfield>
    </datafield>
    <datafield tag="080" ind1=" " ind2=" ">
      <subfield code="a">821.133.1 B338a</subfield>
    </datafield>
    <datafield tag="100" ind1=" " ind2=" ">
      <subfield code="a">Baudelaire, Charles.</subfield>
    </datafield>
    <datafield tag="240" ind1=" " ind2=" ">
      <subfield code="a">Poesía</subfield>
    </datafield>
    <datafield tag="245" ind1=" " ind2=" ">
      <subfield code="a">Antología poética</subfield>
    </datafield>
    <datafield tag="260" ind1=" " ind2=" ">
      <subfield code="a">Buenos Aires</subfield>
      <subfield code="b"> : Planeta</subfield>
      <subfield code="c"> , 1999</subfield>
    </datafield>
    <datafield tag="440" ind1=" " ind2=" ">
      <subfield code="a">Psicología y educación</subfield>
      <subfield code="a">Colección tierra firme</subfield>
      <subfield code="a">Obras maestras de la poesía</subfield>
      <subfield code="v">28</subfield>
    </datafield>
    <datafield tag="490" ind1=" " ind2=" ">
      <subfield code="a">Psicología y educación</subfield>
      <subfield code="a">Colección tierra firme</subfield>
      <subfield code="a">Obras maestras de la poesía</subfield>
      <subfield code="v">28</subfield>
    </datafield>
    <datafield tag="650" ind1=" " ind2=" ">
      <subfield code="a"> LITERATURA FRANCESA</subfield>
    </datafield>
    <datafield tag="650" ind1=" " ind2=" ">
      <subfield code="a"> POESIA</subfield>
    </datafield>
    <datafield tag="942" ind1=" " ind2=" ">
      <subfield code="c">BK</subfield>
    </datafield>
    <datafield tag="952" ind1=" " ind2=" ">
      <subfield code="a">BIB_RECT</subfield>
      <subfield code="b">BIB_UARG</subfield>
      <subfield code="d">2006-03-07</subfield>
      <subfield code="y">BK</subfield>
      <subfield code="p">05-29783</subfield>
      <subfield code="i">05-29783</subfield>
      <subfield code="g">18</subfield>
      <subfield code="o">821.133.1 B338a</subfield>
      <subfield code="e">Canje</subfield>
      <subfield code="8">CG</subfield>
    </datafield>
  </record>