
  <record>
    <leader>01000aam  22002601a 4500</leader>
    <controlfield tag="001">YPZ6006</controlfield>
    <controlfield tag="003">YPZ</controlfield>
    <controlfield tag="005">200604270904050</controlfield>
    <controlfield tag="008">060427|###########||||||b||||||||||spa|d</controlfield>
    <datafield tag="020" ind1=" " ind2=" ">
      <subfield code="a">9509779857</subfield>
    </datafield>
    <datafield tag="040" ind1=" " ind2=" ">
      <subfield code="c">SIUNPA</subfield>
    </datafield>
    <datafield tag="041" ind1=" " ind2=" ">
      <subfield code="a">spa</subfield>
    </datafield>
    <datafield tag="044" ind1=" " ind2=" ">
      <subfield code="a">AR</subfield>
    </datafield>
    <datafield tag="080" ind1=" " ind2=" ">
      <subfield code="a">821.162.3 K964ig</subfield>
    </datafield>
    <datafield tag="100" ind1=" " ind2=" ">
      <subfield code="a">Kundera, Milan.</subfield>
    </datafield>
    <datafield tag="245" ind1=" " ind2=" ">
      <subfield code="a">La ignorancia</subfield>
      <subfield code="c"> / Moura, Beatriz de, tr.</subfield>
    </datafield>
    <datafield tag="250" ind1=" " ind2=" ">
      <subfield code="a">1a. ed.</subfield>
    </datafield>
    <datafield tag="260" ind1=" " ind2=" ">
      <subfield code="a">Buenos Aires</subfield>
      <subfield code="b"> : Tusquets</subfield>
      <subfield code="c"> , 2004</subfield>
    </datafield>
    <datafield tag="440" ind1=" " ind2=" ">
      <subfield code="a">Biblioteca breve</subfield>
      <subfield code="a">Biblioteca Héctor Tizón</subfield>
      <subfield code="a">Lingua franca</subfield>
      <subfield code="a">Biblioteca Héctor Tizón</subfield>
      <subfield code="a">Biblioteca Héctor Tizón</subfield>
      <subfield code="a">Colección Planeta escolar</subfield>
      <subfield code="a">Pensamiento</subfield>
      <subfield code="a">Fábula</subfield>
      <subfield code="v">212</subfield>
    </datafield>
    <datafield tag="490" ind1=" " ind2=" ">
      <subfield code="a">Biblioteca breve</subfield>
      <subfield code="a">Biblioteca Héctor Tizón</subfield>
      <subfield code="a">Lingua franca</subfield>
      <subfield code="a">Biblioteca Héctor Tizón</subfield>
      <subfield code="a">Biblioteca Héctor Tizón</subfield>
      <subfield code="a">Colección Planeta escolar</subfield>
      <subfield code="a">Pensamiento</subfield>
      <subfield code="a">Fábula</subfield>
      <subfield code="v">212</subfield>
    </datafield>
    <datafield tag="650" ind1=" " ind2=" ">
      <subfield code="a"> LITERATURA CHECA</subfield>
    </datafield>
    <datafield tag="650" ind1=" " ind2=" ">
      <subfield code="a"> NOVELA</subfield>
    </datafield>
    <datafield tag="942" ind1=" " ind2=" ">
      <subfield code="c">BK</subfield>
    </datafield>
    <datafield tag="952" ind1=" " ind2=" ">
      <subfield code="a">BIB_RECT</subfield>
      <subfield code="b">BIB_UARG</subfield>
      <subfield code="d">2006-03-09</subfield>
      <subfield code="y">BK</subfield>
      <subfield code="p">05-29882</subfield>
      <subfield code="i">05-29882</subfield>
      <subfield code="g">25</subfield>
      <subfield code="o">821.162.3 K964ig</subfield>
      <subfield code="e">AAB/05</subfield>
      <subfield code="8">CG</subfield>
    </datafield>
  </record>