
  <record>
    <leader>01000aam  22002601a 4500</leader>
    <controlfield tag="001">YPZ6043</controlfield>
    <controlfield tag="003">YPZ</controlfield>
    <controlfield tag="005">200605041650270</controlfield>
    <controlfield tag="008">060504|###########||||||b||||||||||spa|d</controlfield>
    <datafield tag="020" ind1=" " ind2=" ">
      <subfield code="a">8429462287</subfield>
    </datafield>
    <datafield tag="040" ind1=" " ind2=" ">
      <subfield code="c">SIUNPA</subfield>
    </datafield>
    <datafield tag="041" ind1=" " ind2=" ">
      <subfield code="a">spa</subfield>
    </datafield>
    <datafield tag="044" ind1=" " ind2=" ">
      <subfield code="a">ES</subfield>
    </datafield>
    <datafield tag="080" ind1=" " ind2=" ">
      <subfield code="a">159.953.5 A654a</subfield>
    </datafield>
    <datafield tag="245" ind1=" " ind2=" ">
      <subfield code="a">El aprendizaje estratégico</subfield>
      <subfield code="b"> : enseñar a aprender desde el currículo</subfield>
      <subfield code="c"> / Pozo, Juan Ignacio, coordinador ; Monereo, Carles, coordinador</subfield>
    </datafield>
    <datafield tag="260" ind1=" " ind2=" ">
      <subfield code="a">Madrid</subfield>
      <subfield code="b"> : Santillana</subfield>
      <subfield code="c"> , 1999</subfield>
    </datafield>
    <datafield tag="440" ind1=" " ind2=" ">
      <subfield code="a">Aula XXI Santillana</subfield>
      <subfield code="v">70</subfield>
    </datafield>
    <datafield tag="490" ind1=" " ind2=" ">
      <subfield code="a">Aula XXI Santillana</subfield>
      <subfield code="v">70</subfield>
    </datafield>
    <datafield tag="650" ind1=" " ind2=" ">
      <subfield code="a"> APRENDIZAJE</subfield>
    </datafield>
    <datafield tag="650" ind1=" " ind2=" ">
      <subfield code="a"> METODOS DE ENSEÑANZA</subfield>
    </datafield>
    <datafield tag="650" ind1=" " ind2=" ">
      <subfield code="a"> APRENDIZAJE ESCOLAR</subfield>
    </datafield>
    <datafield tag="650" ind1=" " ind2=" ">
      <subfield code="a"> PSICOLOGIA DE LA EDUCACION</subfield>
    </datafield>
    <datafield tag="942" ind1=" " ind2=" ">
      <subfield code="c">BK</subfield>
    </datafield>
    <datafield tag="952" ind1=" " ind2=" ">
      <subfield code="a">BIB_RECT</subfield>
      <subfield code="b">BIB_UARG</subfield>
      <subfield code="d">2006-09-03</subfield>
      <subfield code="y">BK</subfield>
      <subfield code="p">05-14158</subfield>
      <subfield code="i">05-14158</subfield>
      <subfield code="g">32</subfield>
      <subfield code="o">159.953.5 A654a</subfield>
      <subfield code="e">PIUARG-A 255/99</subfield>
      <subfield code="8">CG</subfield>
    </datafield>
    <datafield tag="952" ind1=" " ind2=" ">
      <subfield code="a">BIB_RECT</subfield>
      <subfield code="b">BIB_UARG</subfield>
      <subfield code="d">2006-05-02</subfield>
      <subfield code="y">BK</subfield>
      <subfield code="p">05-30279</subfield>
      <subfield code="i">05-30279</subfield>
      <subfield code="g">32</subfield>
      <subfield code="o">159.953.5 A654a</subfield>
      <subfield code="e">Donación APEP</subfield>
      <subfield code="8">CG</subfield>
    </datafield>
  </record>