
  <record>
    <leader>01000aam  22002601a 4500</leader>
    <controlfield tag="001">YPZ6072</controlfield>
    <controlfield tag="003">YPZ</controlfield>
    <controlfield tag="005">200605151422570</controlfield>
    <controlfield tag="008">060515|###########||||||b||||||||||spa|d</controlfield>
    <datafield tag="020" ind1=" " ind2=" ">
      <subfield code="a">9506020655</subfield>
    </datafield>
    <datafield tag="040" ind1=" " ind2=" ">
      <subfield code="c">SIUNPA</subfield>
    </datafield>
    <datafield tag="041" ind1=" " ind2=" ">
      <subfield code="a">spa</subfield>
    </datafield>
    <datafield tag="044" ind1=" " ind2=" ">
      <subfield code="a">AR</subfield>
    </datafield>
    <datafield tag="080" ind1=" " ind2=" ">
      <subfield code="a">159.964.2 P593t</subfield>
    </datafield>
    <datafield tag="100" ind1=" " ind2=" ">
      <subfield code="a">Pichon-Rivière, Enrique.</subfield>
    </datafield>
    <datafield tag="245" ind1=" " ind2=" ">
      <subfield code="a">Teoría del vínculo</subfield>
      <subfield code="c"> / Taragano, Fernando,  selección y rev.</subfield>
    </datafield>
    <datafield tag="260" ind1=" " ind2=" ">
      <subfield code="a">Buenos Aires</subfield>
      <subfield code="b"> : Nueva Visión</subfield>
      <subfield code="c"> , c1985</subfield>
    </datafield>
    <datafield tag="500" ind1=" " ind2=" ">
      <subfield code="a">La biblioteca posee varias reimpresiones</subfield>
    </datafield>
    <datafield tag="650" ind1=" " ind2=" ">
      <subfield code="a"> PSICOANALISIS</subfield>
    </datafield>
    <datafield tag="650" ind1=" " ind2=" ">
      <subfield code="a"> PSICOLOGIA SOCIAL</subfield>
    </datafield>
    <datafield tag="650" ind1=" " ind2=" ">
      <subfield code="a"> ENFERMOS MENTALES</subfield>
    </datafield>
    <datafield tag="650" ind1=" " ind2=" ">
      <subfield code="a"> PSIQUIATRIA</subfield>
    </datafield>
    <datafield tag="942" ind1=" " ind2=" ">
      <subfield code="c">BK</subfield>
    </datafield>
    <datafield tag="952" ind1=" " ind2=" ">
      <subfield code="a">BIB_RECT</subfield>
      <subfield code="b">BIB_UACO</subfield>
      <subfield code="d">2006-09-03</subfield>
      <subfield code="y">BK</subfield>
      <subfield code="p">02-07621</subfield>
      <subfield code="i">02-07621</subfield>
      <subfield code="g">8</subfield>
      <subfield code="o">159.964.2 P593t</subfield>
      <subfield code="e">SIUNPA</subfield>
      <subfield code="8">CG</subfield>
    </datafield>
    <datafield tag="952" ind1=" " ind2=" ">
      <subfield code="a">BIB_RECT</subfield>
      <subfield code="b">BIB_UACO</subfield>
      <subfield code="d">2017-07-31</subfield>
      <subfield code="y">BK</subfield>
      <subfield code="p">02-48701</subfield>
      <subfield code="i">02-48701</subfield>
      <subfield code="g">110</subfield>
      <subfield code="o">159.964.2 P593t</subfield>
      <subfield code="e">Don. Prof. Coetzee, Yaqueline</subfield>
      <subfield code="8">CG</subfield>
    </datafield>
    <datafield tag="952" ind1=" " ind2=" ">
      <subfield code="a">BIB_RECT</subfield>
      <subfield code="b">BIB_UARG</subfield>
      <subfield code="d">2006-09-03</subfield>
      <subfield code="y">BK</subfield>
      <subfield code="p">05-07562</subfield>
      <subfield code="i">05-07562</subfield>
      <subfield code="g">8</subfield>
      <subfield code="o">159.964.2 P593t</subfield>
      <subfield code="e">Acuerdo 012/93</subfield>
      <subfield code="8">CG</subfield>
    </datafield>
    <datafield tag="952" ind1=" " ind2=" ">
      <subfield code="a">BIB_RECT</subfield>
      <subfield code="b">BIB_UARG</subfield>
      <subfield code="d">2006-05-15</subfield>
      <subfield code="y">BK</subfield>
      <subfield code="p">05-30358</subfield>
      <subfield code="i">05-30358</subfield>
      <subfield code="g">18</subfield>
      <subfield code="o">159.964.2 P593t</subfield>
      <subfield code="e">Compra UE/06</subfield>
      <subfield code="8">CG</subfield>
    </datafield>
  </record>