
  <record>
    <leader>01000aam  22002601a 4500</leader>
    <controlfield tag="001">YPZ6105</controlfield>
    <controlfield tag="003">YPZ</controlfield>
    <controlfield tag="005">200605221432480</controlfield>
    <controlfield tag="008">060522|###########||||||b||||||||||spa|d</controlfield>
    <datafield tag="040" ind1=" " ind2=" ">
      <subfield code="c">SIUNPA</subfield>
    </datafield>
    <datafield tag="041" ind1=" " ind2=" ">
      <subfield code="a">spa</subfield>
    </datafield>
    <datafield tag="044" ind1=" " ind2=" ">
      <subfield code="a">AR</subfield>
    </datafield>
    <datafield tag="080" ind1=" " ind2=" ">
      <subfield code="a">378.4(82) A691c 1994</subfield>
    </datafield>
    <datafield tag="110" ind1=" " ind2=" ">
      <subfield code="a">Argentina. Ministerio de Cultura y Educación. Secretaría de Políticas Universitarias.</subfield>
    </datafield>
    <datafield tag="245" ind1=" " ind2=" ">
      <subfield code="a">Censo de estudiantes de universidades nacionales 1994</subfield>
      <subfield code="b"> : resultados definitivos. Totales por universidad. Cruces de variables</subfield>
    </datafield>
    <datafield tag="260" ind1=" " ind2=" ">
      <subfield code="a">Buenos Aires</subfield>
      <subfield code="b"> : Ministerio de Cultura y Educación. Secretaría de Políticas Universitarias</subfield>
      <subfield code="c"> , [1995]</subfield>
    </datafield>
    <datafield tag="440" ind1=" " ind2=" ">
      <subfield code="a">Biblioteca didáctica / Novedades Educativas</subfield>
      <subfield code="a">Historia</subfield>
      <subfield code="a">Colección Griegos y Latinos</subfield>
      <subfield code="a">Colección Los Argentinos</subfield>
      <subfield code="a">Psicología contemporanea</subfield>
      <subfield code="a">Psicología, Psiquiatría y Psicoanálisis</subfield>
      <subfield code="a">Colección Síntesis Práctica</subfield>
      <subfield code="a">Colección Griegos y Latinos</subfield>
      <subfield code="a">Colección Griegos y Latinos</subfield>
      <subfield code="a">Leer y escribir +</subfield>
      <subfield code="a">Textos básicos</subfield>
      <subfield code="a">Alforja</subfield>
      <subfield code="a">Censo de estudiantes de universidades nacionales 1994. Serie A</subfield>
      <subfield code="v">2</subfield>
    </datafield>
    <datafield tag="490" ind1=" " ind2=" ">
      <subfield code="a">Biblioteca didáctica / Novedades Educativas</subfield>
      <subfield code="a">Historia</subfield>
      <subfield code="a">Colección Griegos y Latinos</subfield>
      <subfield code="a">Colección Los Argentinos</subfield>
      <subfield code="a">Psicología contemporanea</subfield>
      <subfield code="a">Psicología, Psiquiatría y Psicoanálisis</subfield>
      <subfield code="a">Colección Síntesis Práctica</subfield>
      <subfield code="a">Colección Griegos y Latinos</subfield>
      <subfield code="a">Colección Griegos y Latinos</subfield>
      <subfield code="a">Leer y escribir +</subfield>
      <subfield code="a">Textos básicos</subfield>
      <subfield code="a">Alforja</subfield>
      <subfield code="a">Censo de estudiantes de universidades nacionales 1994. Serie A</subfield>
      <subfield code="v">2</subfield>
    </datafield>
    <datafield tag="650" ind1=" " ind2=" ">
      <subfield code="a"> ALUMNOS</subfield>
    </datafield>
    <datafield tag="650" ind1=" " ind2=" ">
      <subfield code="a"> DATO ESTADISTICO</subfield>
    </datafield>
    <datafield tag="650" ind1=" " ind2=" ">
      <subfield code="a"> UNIVERSIDADES</subfield>
    </datafield>
    <datafield tag="650" ind1=" " ind2=" ">
      <subfield code="a"> ESTADISTICA EDUCACIONAL</subfield>
    </datafield>
    <datafield tag="650" ind1=" " ind2=" ">
      <subfield code="a"> ARGENTINA</subfield>
    </datafield>
    <datafield tag="942" ind1=" " ind2=" ">
      <subfield code="c">BK</subfield>
    </datafield>
    <datafield tag="952" ind1=" " ind2=" ">
      <subfield code="a">BIB_RECT</subfield>
      <subfield code="b">BIB_UACO</subfield>
      <subfield code="d">2006-04-26</subfield>
      <subfield code="y">BK</subfield>
      <subfield code="p">02-03807</subfield>
      <subfield code="i">02-03807</subfield>
      <subfield code="g">20</subfield>
      <subfield code="o">378.4(82) A691c 1994</subfield>
      <subfield code="e">UACO</subfield>
      <subfield code="8">CG</subfield>
    </datafield>
    <datafield tag="952" ind1=" " ind2=" ">
      <subfield code="a">BIB_RECT</subfield>
      <subfield code="b">BIB_UARG</subfield>
      <subfield code="d">2006-10-06</subfield>
      <subfield code="y">BK</subfield>
      <subfield code="p">05-09612</subfield>
      <subfield code="i">05-09612</subfield>
      <subfield code="g"/>
      <subfield code="o">378.4(82) A691c 1994</subfield>
      <subfield code="e"/>
      <subfield code="8">CG</subfield>
    </datafield>
    <datafield tag="952" ind1=" " ind2=" ">
      <subfield code="a">BIB_RECT</subfield>
      <subfield code="b">BIB_UARG</subfield>
      <subfield code="d">2006-10-06</subfield>
      <subfield code="y">BK</subfield>
      <subfield code="p">05-10143</subfield>
      <subfield code="i">05-10143</subfield>
      <subfield code="g"/>
      <subfield code="o">378.4(82) A691c 1994</subfield>
      <subfield code="e"/>
      <subfield code="8">CG</subfield>
    </datafield>
  </record>