
  <record>
    <leader>01000aam  22002601a 4500</leader>
    <controlfield tag="001">YPZ6107</controlfield>
    <controlfield tag="003">YPZ</controlfield>
    <controlfield tag="005">200605221845410</controlfield>
    <controlfield tag="008">060522|###########||||||b||||||||||spa|d</controlfield>
    <datafield tag="020" ind1=" " ind2=" ">
      <subfield code="a">9875211567</subfield>
    </datafield>
    <datafield tag="040" ind1=" " ind2=" ">
      <subfield code="c">SIUNPA</subfield>
    </datafield>
    <datafield tag="041" ind1=" " ind2=" ">
      <subfield code="a">spa</subfield>
    </datafield>
    <datafield tag="044" ind1=" " ind2=" ">
      <subfield code="a">AR</subfield>
    </datafield>
    <datafield tag="080" ind1=" " ind2=" ">
      <subfield code="a">631.117.4 C198c</subfield>
    </datafield>
    <datafield tag="245" ind1=" " ind2=" ">
      <subfield code="a">Campo experimental Potrok Aike</subfield>
      <subfield code="b"> : resultado de 15 años de labor técnica</subfield>
      <subfield code="c"> / González, Liliana, ed. ; Iglesias, Roberto, ed. ; Cibils, Andrés, ed.</subfield>
    </datafield>
    <datafield tag="260" ind1=" " ind2=" ">
      <subfield code="a">Río Gallegos</subfield>
      <subfield code="b"> : Estación Experimental Agropecuaria Santa Cruz, INTA</subfield>
      <subfield code="c"> , 2005</subfield>
    </datafield>
    <datafield tag="440" ind1=" " ind2=" ">
      <subfield code="a">Documentos institucionales / INTA</subfield>
      <subfield code="v">119</subfield>
    </datafield>
    <datafield tag="490" ind1=" " ind2=" ">
      <subfield code="a">Documentos institucionales / INTA</subfield>
      <subfield code="v">119</subfield>
    </datafield>
    <datafield tag="500" ind1=" " ind2=" ">
      <subfield code="a">Anexo fotográfico (p. 110-128)</subfield>
    </datafield>
    <datafield tag="650" ind1=" " ind2=" ">
      <subfield code="a"> FINCAS EXPERIMENTALES</subfield>
    </datafield>
    <datafield tag="650" ind1=" " ind2=" ">
      <subfield code="a"> REGION PATAGONICA</subfield>
    </datafield>
    <datafield tag="650" ind1=" " ind2=" ">
      <subfield code="a"> SANTA CRUZ (ARGENTINA)</subfield>
    </datafield>
    <datafield tag="942" ind1=" " ind2=" ">
      <subfield code="c">BK</subfield>
    </datafield>
    <datafield tag="952" ind1=" " ind2=" ">
      <subfield code="a">BIB_RECT</subfield>
      <subfield code="b">BIB_UASJ</subfield>
      <subfield code="d">2006-05-15</subfield>
      <subfield code="y">BK</subfield>
      <subfield code="p">04-30378</subfield>
      <subfield code="i">04-30378</subfield>
      <subfield code="g">25</subfield>
      <subfield code="o">631.117.4 C198c</subfield>
      <subfield code="e">Donación INTA</subfield>
      <subfield code="8">CG</subfield>
    </datafield>
    <datafield tag="952" ind1=" " ind2=" ">
      <subfield code="a">BIB_RECT</subfield>
      <subfield code="b">BIB_UARG</subfield>
      <subfield code="d">2010-05-17</subfield>
      <subfield code="y">BK</subfield>
      <subfield code="p">05-39407</subfield>
      <subfield code="i">05-39407</subfield>
      <subfield code="g">49</subfield>
      <subfield code="o">631.117.4 C198c</subfield>
      <subfield code="e">Biblioteca INTA</subfield>
      <subfield code="8">CG</subfield>
    </datafield>
    <datafield tag="952" ind1=" " ind2=" ">
      <subfield code="a">BIB_RECT</subfield>
      <subfield code="b">BIB_UARG</subfield>
      <subfield code="d">2010-05-17</subfield>
      <subfield code="y">BK</subfield>
      <subfield code="p">05-39408</subfield>
      <subfield code="i">05-39408</subfield>
      <subfield code="g">49</subfield>
      <subfield code="o">631.117.4 C198c</subfield>
      <subfield code="e">Biblioteca INTA</subfield>
      <subfield code="8">CG</subfield>
    </datafield>
    <datafield tag="952" ind1=" " ind2=" ">
      <subfield code="a">BIB_RECT</subfield>
      <subfield code="b">BIB_UARG</subfield>
      <subfield code="d">2010-05-10</subfield>
      <subfield code="y">BK</subfield>
      <subfield code="p">05-39415</subfield>
      <subfield code="i">05-39415</subfield>
      <subfield code="g">49</subfield>
      <subfield code="o">631.117.4 C198c</subfield>
      <subfield code="e">Biblioteca INTA</subfield>
      <subfield code="8">CG</subfield>
    </datafield>
    <datafield tag="952" ind1=" " ind2=" ">
      <subfield code="a">BIB_RECT</subfield>
      <subfield code="b">BIB_UARG</subfield>
      <subfield code="d">2010-05-10</subfield>
      <subfield code="y">BK</subfield>
      <subfield code="p">05-39416</subfield>
      <subfield code="i">05-39416</subfield>
      <subfield code="g">49</subfield>
      <subfield code="o">631.117.4 C198c</subfield>
      <subfield code="e">Biblioteca INTA</subfield>
      <subfield code="8">CG</subfield>
    </datafield>
    <datafield tag="952" ind1=" " ind2=" ">
      <subfield code="a">BIB_RECT</subfield>
      <subfield code="b">BIB_UARG</subfield>
      <subfield code="d">2010-05-17</subfield>
      <subfield code="y">BK</subfield>
      <subfield code="p">05-39417</subfield>
      <subfield code="i">05-39417</subfield>
      <subfield code="g">49</subfield>
      <subfield code="o">631.117.4 C198c</subfield>
      <subfield code="e">Biblioteca INTA</subfield>
      <subfield code="8">CG</subfield>
    </datafield>
    <datafield tag="952" ind1=" " ind2=" ">
      <subfield code="a">BIB_RECT</subfield>
      <subfield code="b">BIB_UARG</subfield>
      <subfield code="d">2010-05-10</subfield>
      <subfield code="y">BK</subfield>
      <subfield code="p">05-39418</subfield>
      <subfield code="i">05-39418</subfield>
      <subfield code="g">49</subfield>
      <subfield code="o">631.117.4 C198c</subfield>
      <subfield code="e">Biblioteca INTA</subfield>
      <subfield code="8">CG</subfield>
    </datafield>
    <datafield tag="952" ind1=" " ind2=" ">
      <subfield code="a">BIB_RECT</subfield>
      <subfield code="b">BIB_UARG</subfield>
      <subfield code="d">2010-05-10</subfield>
      <subfield code="y">BK</subfield>
      <subfield code="p">05-39419</subfield>
      <subfield code="i">05-39419</subfield>
      <subfield code="g">49</subfield>
      <subfield code="o">631.117.4 C198c</subfield>
      <subfield code="e">Biblioteca INTA</subfield>
      <subfield code="8">CG</subfield>
    </datafield>
    <datafield tag="952" ind1=" " ind2=" ">
      <subfield code="a">BIB_RECT</subfield>
      <subfield code="b">BIB_UARG</subfield>
      <subfield code="d">2010-05-17</subfield>
      <subfield code="y">BK</subfield>
      <subfield code="p">05-39481</subfield>
      <subfield code="i">05-39481</subfield>
      <subfield code="g">49</subfield>
      <subfield code="o">631.117.4 C198c</subfield>
      <subfield code="e">Biblioteca INTA</subfield>
      <subfield code="8">CG</subfield>
    </datafield>
    <datafield tag="952" ind1=" " ind2=" ">
      <subfield code="a">BIB_RECT</subfield>
      <subfield code="b">BIB_UARG</subfield>
      <subfield code="d">2010-05-17</subfield>
      <subfield code="y">BK</subfield>
      <subfield code="p">05-39482</subfield>
      <subfield code="i">05-39482</subfield>
      <subfield code="g">49</subfield>
      <subfield code="o">631.117.4 C198c</subfield>
      <subfield code="e">Biblioteca INTA</subfield>
      <subfield code="8">CG</subfield>
    </datafield>
    <datafield tag="952" ind1=" " ind2=" ">
      <subfield code="a">BIB_RECT</subfield>
      <subfield code="b">BIB_UARG</subfield>
      <subfield code="d">2010-05-17</subfield>
      <subfield code="y">BK</subfield>
      <subfield code="p">05-39483</subfield>
      <subfield code="i">05-39483</subfield>
      <subfield code="g">49</subfield>
      <subfield code="o">631.117.4 C198c</subfield>
      <subfield code="e">Biblioteca INTA</subfield>
      <subfield code="8">CG</subfield>
    </datafield>
  </record>