
  <record>
    <leader>01000aam  22002601a 4500</leader>
    <controlfield tag="001">YPZ6127</controlfield>
    <controlfield tag="003">YPZ</controlfield>
    <controlfield tag="005">200605291356370</controlfield>
    <controlfield tag="008">060529|###########||||||b||||||||||spa|d</controlfield>
    <datafield tag="020" ind1=" " ind2=" ">
      <subfield code="a">9879741110</subfield>
    </datafield>
    <datafield tag="040" ind1=" " ind2=" ">
      <subfield code="c">SIUNPA</subfield>
    </datafield>
    <datafield tag="041" ind1=" " ind2=" ">
      <subfield code="a">spa</subfield>
    </datafield>
    <datafield tag="044" ind1=" " ind2=" ">
      <subfield code="a">AR</subfield>
    </datafield>
    <datafield tag="080" ind1=" " ind2=" ">
      <subfield code="a">504.062 R311r</subfield>
    </datafield>
    <datafield tag="110" ind1=" " ind2=" ">
      <subfield code="a">Fundación Patagonia Natural. Plan de Manejo Integrado de la Zona Costera Patagónica.</subfield>
    </datafield>
    <datafield tag="245" ind1=" " ind2=" ">
      <subfield code="a">Recursos naturales y biodiversidad en la costa de la Patagonia</subfield>
      <subfield code="b"> : orientaciones teóricas. Actividades y propuestas para el aula</subfield>
      <subfield code="c"> / Gómez, María Luisa ; Molina, Lidia ; Palla, Juan ; Sacks, Margarita ; Taboada, María del Carmen</subfield>
    </datafield>
    <datafield tag="260" ind1=" " ind2=" ">
      <subfield code="a">Puerto Madryn</subfield>
      <subfield code="b"> : Fundación Patagonia Natural</subfield>
      <subfield code="b"> : PNUD</subfield>
      <subfield code="c"> , 1998</subfield>
    </datafield>
    <datafield tag="300" ind1=" " ind2=" ">
      <subfield code="a">347 p. : </subfield>
      <subfield code="a">94 p. : </subfield>
      <subfield code="a">297 p. : </subfield>
      <subfield code="a">183 p. : </subfield>
      <subfield code="b">il. ; </subfield>
      <subfield code="a">121 p. : </subfield>
      <subfield code="b">il. ; </subfield>
      <subfield code="a">92 p. : </subfield>
      <subfield code="b">il. ; </subfield>
      <subfield code="a">172 p. : </subfield>
      <subfield code="a">89 p. : </subfield>
      <subfield code="b">il. ; </subfield>
      <subfield code="a">158 p. : </subfield>
      <subfield code="a">93 p. : </subfield>
      <subfield code="b">il. ; </subfield>
      <subfield code="a">139 p. : </subfield>
      <subfield code="b">il. ; </subfield>
      <subfield code="a">78 p. : </subfield>
      <subfield code="b">il. ; </subfield>
      <subfield code="a">xii, 211 p. : </subfield>
      <subfield code="b">il. ; </subfield>
      <subfield code="a">92 p. : </subfield>
      <subfield code="b">il. ; </subfield>
      <subfield code="a">78 p. : </subfield>
      <subfield code="b">il. ; </subfield>
      <subfield code="a">154 p. : </subfield>
      <subfield code="b">il. ; </subfield>
      <subfield code="a">323 p. : </subfield>
      <subfield code="a">118 p. : </subfield>
      <subfield code="a">290 p. : </subfield>
      <subfield code="b">il. ; </subfield>
      <subfield code="a">[406] p. en varias paginaciones : </subfield>
      <subfield code="b">il. ; </subfield>
      <subfield code="a">169 p. : </subfield>
      <subfield code="a">309 p. : </subfield>
      <subfield code="a">375 p. : </subfield>
      <subfield code="b">il. ; </subfield>
      <subfield code="a">108 p. : </subfield>
      <subfield code="b">il. ; </subfield>
      <subfield code="a">117 p. : </subfield>
      <subfield code="b">il. ; </subfield>
      <subfield code="a">104 p. : </subfield>
      <subfield code="b">il. ; </subfield>
      <subfield code="a">99 p. : </subfield>
      <subfield code="a">103 p. : </subfield>
      <subfield code="b">il. ; </subfield>
      <subfield code="a">127 p. : </subfield>
      <subfield code="b">il. ; </subfield>
      <subfield code="a">96 p. : </subfield>
      <subfield code="a">254 p. : </subfield>
      <subfield code="a">122 p. : </subfield>
      <subfield code="b">il. ; </subfield>
      <subfield code="a">92 p. : </subfield>
      <subfield code="b">il. ; </subfield>
      <subfield code="a">123 p. : </subfield>
      <subfield code="b">il. ; </subfield>
      <subfield code="a">237 p. : </subfield>
      <subfield code="b">il. ; </subfield>
      <subfield code="a">v. : </subfield>
      <subfield code="a">655 p. : </subfield>
      <subfield code="b">il. ; </subfield>
      <subfield code="a">604 p. : </subfield>
      <subfield code="b">mapas ; </subfield>
      <subfield code="a">604 p. : </subfield>
      <subfield code="b">mapas ; </subfield>
      <subfield code="a">479 p. : </subfield>
      <subfield code="b">il. ; </subfield>
      <subfield code="a">157 p. : </subfield>
      <subfield code="a">270 p. : </subfield>
      <subfield code="a">126 p. : </subfield>
      <subfield code="a">xvi, 383 p. : </subfield>
      <subfield code="a">255 p. : </subfield>
      <subfield code="b">il. ; </subfield>
      <subfield code="a">108 p. : </subfield>
      <subfield code="b">il. ; </subfield>
      <subfield code="a">463 p. : </subfield>
      <subfield code="a">575 p. : </subfield>
      <subfield code="a">191 p. : </subfield>
      <subfield code="b">il. ; </subfield>
      <subfield code="a">130 p. : </subfield>
      <subfield code="a">189 p. : </subfield>
      <subfield code="b">il. ; </subfield>
      <subfield code="a">191 p. : </subfield>
      <subfield code="a">66 p. : </subfield>
      <subfield code="b">il. ; </subfield>
      <subfield code="a">96 p. : </subfield>
      <subfield code="b">il. ; </subfield>
      <subfield code="a">vi, 180 p. : </subfield>
      <subfield code="b">il. ; </subfield>
      <subfield code="a">[34] h. : </subfield>
      <subfield code="b">il. ; </subfield>
      <subfield code="a">116 p. : </subfield>
      <subfield code="b">il. ; </subfield>
      <subfield code="a">iii, 98 p. : </subfield>
      <subfield code="b">il. ; </subfield>
      <subfield code="a">183 p. : </subfield>
      <subfield code="b">il. ; </subfield>
      <subfield code="a">v. : </subfield>
      <subfield code="b">il. ; </subfield>
      <subfield code="a">188 p. : </subfield>
      <subfield code="b">il. ; </subfield>
      <subfield code="a">87 p. : </subfield>
      <subfield code="a">131 p. : </subfield>
      <subfield code="b">il. ; </subfield>
      <subfield code="a">1 v. (hojas suelta) : </subfield>
      <subfield code="b">il. ; </subfield>
      <subfield code="a">85 p. : </subfield>
      <subfield code="b">il. ; </subfield>
      <subfield code="a">89 p. : </subfield>
      <subfield code="b">il. ; </subfield>
      <subfield code="a">130 p. : </subfield>
      <subfield code="b">il. ; </subfield>
      <subfield code="a">40 p. : </subfield>
      <subfield code="b">cuadros ; </subfield>
      <subfield code="a">242 p. : </subfield>
      <subfield code="b">il. ; </subfield>
      <subfield code="a">90 p. : </subfield>
      <subfield code="b">il. ; </subfield>
      <subfield code="a">54 p. : </subfield>
      <subfield code="b">il. ; </subfield>
      <subfield code="a">113 p. : </subfield>
      <subfield code="b">il. ; </subfield>
      <subfield code="a">60 p. : </subfield>
      <subfield code="b">il. ; </subfield>
      <subfield code="a">39 p. : </subfield>
      <subfield code="b">il. ; </subfield>
      <subfield code="e">1 mapa pleg. en bolsillo</subfield>
    </datafield>
    <datafield tag="650" ind1=" " ind2=" ">
      <subfield code="a"> BIODIVERSIDAD</subfield>
    </datafield>
    <datafield tag="650" ind1=" " ind2=" ">
      <subfield code="a"> RECURSOS NATURALES</subfield>
    </datafield>
    <datafield tag="650" ind1=" " ind2=" ">
      <subfield code="a"> EDUCACION AMBIENTAL</subfield>
    </datafield>
    <datafield tag="650" ind1=" " ind2=" ">
      <subfield code="a"> MEDIO AMBIENTE </subfield>
    </datafield>
    <datafield tag="650" ind1=" " ind2=" ">
      <subfield code="a"> FAUNA MARINA</subfield>
    </datafield>
    <datafield tag="650" ind1=" " ind2=" ">
      <subfield code="a"> REGION PATAGONICA</subfield>
    </datafield>
    <datafield tag="942" ind1=" " ind2=" ">
      <subfield code="c">BK</subfield>
    </datafield>
    <datafield tag="952" ind1=" " ind2=" ">
      <subfield code="a">BIB_RECT</subfield>
      <subfield code="b">BIB_UASJ</subfield>
      <subfield code="d">2006-04-26</subfield>
      <subfield code="y">BK</subfield>
      <subfield code="p">04-30254</subfield>
      <subfield code="i">04-30254</subfield>
      <subfield code="g">32</subfield>
      <subfield code="o">504.062 R311r</subfield>
      <subfield code="e">Donación</subfield>
      <subfield code="8">CG</subfield>
    </datafield>
  </record>