
  <record>
    <leader>01000aam  22002601a 4500</leader>
    <controlfield tag="001">YPZ6129</controlfield>
    <controlfield tag="003">YPZ</controlfield>
    <controlfield tag="005">200605291433040</controlfield>
    <controlfield tag="008">060529|###########||||||b||||||||||spa|d</controlfield>
    <datafield tag="020" ind1=" " ind2=" ">
      <subfield code="a">9870212638</subfield>
    </datafield>
    <datafield tag="040" ind1=" " ind2=" ">
      <subfield code="c">SIUNPA</subfield>
    </datafield>
    <datafield tag="041" ind1=" " ind2=" ">
      <subfield code="a">eng</subfield>
    </datafield>
    <datafield tag="044" ind1=" " ind2=" ">
      <subfield code="a">AR</subfield>
    </datafield>
    <datafield tag="080" ind1=" " ind2=" ">
      <subfield code="a">633.22 P441l</subfield>
    </datafield>
    <datafield tag="100" ind1=" " ind2=" ">
      <subfield code="a">Peri, Pablo L..</subfield>
    </datafield>
    <datafield tag="245" ind1=" " ind2=" ">
      <subfield code="a">Leaf and canopy photosynthesis models for cocksfoot (Dactylis Glomerata L.) grown in a silvopastoral system</subfield>
      <subfield code="b"> : a case study of plant physiology and agronomy</subfield>
    </datafield>
    <datafield tag="250" ind1=" " ind2=" ">
      <subfield code="a">1a. ed.</subfield>
    </datafield>
    <datafield tag="260" ind1=" " ind2=" ">
      <subfield code="a">Buenos Aires</subfield>
      <subfield code="a">Río Gallegos</subfield>
      <subfield code="b"> : Dunken</subfield>
      <subfield code="b"> : UNPA</subfield>
      <subfield code="c"> , 2005</subfield>
    </datafield>
    <datafield tag="650" ind1=" " ind2=" ">
      <subfield code="a"> DACTYLIS GLOMERATA</subfield>
    </datafield>
    <datafield tag="650" ind1=" " ind2=" ">
      <subfield code="a"> FOTOSINTESIS</subfield>
    </datafield>
    <datafield tag="650" ind1=" " ind2=" ">
      <subfield code="a"> SISTEMAS SILVOPASCICOLAS</subfield>
    </datafield>
    <datafield tag="650" ind1=" " ind2=" ">
      <subfield code="a"> RELACIONES SUELO</subfield>
    </datafield>
    <datafield tag="650" ind1=" " ind2=" ">
      <subfield code="a">PLANTA</subfield>
    </datafield>
    <datafield tag="650" ind1=" " ind2=" ">
      <subfield code="a"> RELACIONES PLANTA AGUA</subfield>
    </datafield>
    <datafield tag="942" ind1=" " ind2=" ">
      <subfield code="c">BK</subfield>
    </datafield>
    <datafield tag="952" ind1=" " ind2=" ">
      <subfield code="a">BIB_RECT</subfield>
      <subfield code="b">BIB_UACO</subfield>
      <subfield code="d">2006-05-19</subfield>
      <subfield code="y">BK</subfield>
      <subfield code="p">02-30436</subfield>
      <subfield code="i">02-30436</subfield>
      <subfield code="g">35</subfield>
      <subfield code="o">633.22 P441l</subfield>
      <subfield code="e">Secretaría de Extensión - UNPA</subfield>
      <subfield code="8">CG</subfield>
    </datafield>
    <datafield tag="952" ind1=" " ind2=" ">
      <subfield code="a">BIB_RECT</subfield>
      <subfield code="b">BIB_UART</subfield>
      <subfield code="d">2006-05-19</subfield>
      <subfield code="y">BK</subfield>
      <subfield code="p">03-30439</subfield>
      <subfield code="i">03-30439</subfield>
      <subfield code="g">35</subfield>
      <subfield code="o">633.22 P441l</subfield>
      <subfield code="e">Secretaría de Extensión - UNPA</subfield>
      <subfield code="8">CG</subfield>
    </datafield>
    <datafield tag="952" ind1=" " ind2=" ">
      <subfield code="a">BIB_RECT</subfield>
      <subfield code="b">BIB_UASJ</subfield>
      <subfield code="d">2006-05-19</subfield>
      <subfield code="y">BK</subfield>
      <subfield code="p">04-30433</subfield>
      <subfield code="i">04-30433</subfield>
      <subfield code="g">35</subfield>
      <subfield code="o">633.22 P441l</subfield>
      <subfield code="e">Secretaría de Extensión - UNPA</subfield>
      <subfield code="8">CG</subfield>
    </datafield>
    <datafield tag="952" ind1=" " ind2=" ">
      <subfield code="a">BIB_RECT</subfield>
      <subfield code="b">BIB_UARG</subfield>
      <subfield code="d">2006-05-19</subfield>
      <subfield code="y">BK</subfield>
      <subfield code="p">05-30442</subfield>
      <subfield code="i">05-30442</subfield>
      <subfield code="g">35</subfield>
      <subfield code="o">633.22 P441l</subfield>
      <subfield code="e">Secretaría de Extensión - UNPA</subfield>
      <subfield code="8">CG</subfield>
    </datafield>
    <datafield tag="952" ind1=" " ind2=" ">
      <subfield code="a">BIB_RECT</subfield>
      <subfield code="b">BIB_UARG</subfield>
      <subfield code="d">2007-05-14</subfield>
      <subfield code="y">BK</subfield>
      <subfield code="p">05-32035</subfield>
      <subfield code="i">05-32035</subfield>
      <subfield code="g">35</subfield>
      <subfield code="o">633.22 P441l</subfield>
      <subfield code="e">Donación Peri, Pablo</subfield>
      <subfield code="8">CG</subfield>
    </datafield>
    <datafield tag="952" ind1=" " ind2=" ">
      <subfield code="a">BIB_RECT</subfield>
      <subfield code="b">BIB_UARG</subfield>
      <subfield code="d">2007-05-14</subfield>
      <subfield code="y">BK</subfield>
      <subfield code="p">05-32036</subfield>
      <subfield code="i">05-32036</subfield>
      <subfield code="g">35</subfield>
      <subfield code="o">633.22 P441l</subfield>
      <subfield code="e">Donación Peri, Pablo</subfield>
      <subfield code="8">CG</subfield>
    </datafield>
    <datafield tag="952" ind1=" " ind2=" ">
      <subfield code="a">BIB_RECT</subfield>
      <subfield code="b">SAT_TRUN</subfield>
      <subfield code="d">2006-05-19</subfield>
      <subfield code="y">BK</subfield>
      <subfield code="p">10-30445</subfield>
      <subfield code="i">10-30445</subfield>
      <subfield code="g">35</subfield>
      <subfield code="o">633.22 P441l</subfield>
      <subfield code="e">Secretaría de Extensión - UNPA</subfield>
      <subfield code="8">CG</subfield>
    </datafield>
    <datafield tag="952" ind1=" " ind2=" ">
      <subfield code="a">BIB_RECT</subfield>
      <subfield code="b">SAT_PBNA</subfield>
      <subfield code="d">2006-05-19</subfield>
      <subfield code="y">BK</subfield>
      <subfield code="p">11-30427</subfield>
      <subfield code="i">11-30427</subfield>
      <subfield code="g">35</subfield>
      <subfield code="o">633.22 P441l</subfield>
      <subfield code="e">Secretaría de Extensión - UNPA</subfield>
      <subfield code="8">CG</subfield>
    </datafield>
    <datafield tag="952" ind1=" " ind2=" "/>
    <datafield tag="952" ind1=" " ind2=" "/>
    <datafield tag="952" ind1=" " ind2=" ">
      <subfield code="a">BIB_RECT</subfield>
      <subfield code="b">SAT_PDES</subfield>
      <subfield code="d">2006-05-19</subfield>
      <subfield code="y">BK</subfield>
      <subfield code="p">16-30421</subfield>
      <subfield code="i">16-30421</subfield>
      <subfield code="g">35</subfield>
      <subfield code="o">633.22 P441l</subfield>
      <subfield code="e">Secretaría de Extensión - UNPA</subfield>
      <subfield code="8">CG</subfield>
    </datafield>
    <datafield tag="952" ind1=" " ind2=" "/>
    <datafield tag="952" ind1=" " ind2=" ">
      <subfield code="a">BIB_RECT</subfield>
      <subfield code="b">SAT_GREG</subfield>
      <subfield code="d">2006-05-22</subfield>
      <subfield code="y">BK</subfield>
      <subfield code="p">18-30450</subfield>
      <subfield code="i">18-30450</subfield>
      <subfield code="g">35</subfield>
      <subfield code="o">633.22 P441l</subfield>
      <subfield code="e">Secretaría de Extensión - UNPA</subfield>
      <subfield code="8">CG</subfield>
    </datafield>
    <datafield tag="952" ind1=" " ind2=" "/>
  </record>