
  <record>
    <leader>01000aam  22002601a 4500</leader>
    <controlfield tag="001">YPZ6130</controlfield>
    <controlfield tag="003">YPZ</controlfield>
    <controlfield tag="005">200605291451220</controlfield>
    <controlfield tag="008">060529|###########||||||b||||||||||spa|d</controlfield>
    <datafield tag="020" ind1=" " ind2=" ">
      <subfield code="a">9788495294920</subfield>
    </datafield>
    <datafield tag="020" ind1=" " ind2=" ">
      <subfield code="a">8495294923</subfield>
    </datafield>
    <datafield tag="040" ind1=" " ind2=" ">
      <subfield code="c">SIUNPA</subfield>
    </datafield>
    <datafield tag="041" ind1=" " ind2=" ">
      <subfield code="a">spa</subfield>
    </datafield>
    <datafield tag="044" ind1=" " ind2=" ">
      <subfield code="a">AR</subfield>
      <subfield code="a">ES</subfield>
    </datafield>
    <datafield tag="080" ind1=" " ind2=" ">
      <subfield code="a">316.334.55 A553s</subfield>
    </datafield>
    <datafield tag="100" ind1=" " ind2=" ">
      <subfield code="a">Andrade, Larry.</subfield>
    </datafield>
    <datafield tag="245" ind1=" " ind2=" ">
      <subfield code="a">Sociología de la desertificación</subfield>
      <subfield code="b"> : los productores ovino extensivos de la Patagonia austral</subfield>
    </datafield>
    <datafield tag="250" ind1=" " ind2=" ">
      <subfield code="a">1a ed.</subfield>
    </datafield>
    <datafield tag="260" ind1=" " ind2=" ">
      <subfield code="a">Río Gallegos</subfield>
      <subfield code="a">Buenos Aires</subfield>
      <subfield code="b"> : UNPA</subfield>
      <subfield code="b"> : Miño y Dávila</subfield>
      <subfield code="c"> , 2005</subfield>
    </datafield>
    <datafield tag="650" ind1=" " ind2=" ">
      <subfield code="a"> DESERTIFICACION  OVINOS  SOCIOLOGIA RURAL</subfield>
    </datafield>
    <datafield tag="650" ind1=" " ind2=" ">
      <subfield code="a"> SOCIOLOGIA ECONOMICA</subfield>
    </datafield>
    <datafield tag="650" ind1=" " ind2=" ">
      <subfield code="a"> EXPLOTACIONES AGRARIAS</subfield>
    </datafield>
    <datafield tag="650" ind1=" " ind2=" ">
      <subfield code="a"> PRODUCCION DE LANA</subfield>
    </datafield>
    <datafield tag="650" ind1=" " ind2=" ">
      <subfield code="a"> SANTA CRUZ (ARGENTINA)</subfield>
    </datafield>
    <datafield tag="942" ind1=" " ind2=" ">
      <subfield code="c">BK</subfield>
    </datafield>
    <datafield tag="952" ind1=" " ind2=" ">
      <subfield code="a">BIB_RECT</subfield>
      <subfield code="b">BIB_UACO</subfield>
      <subfield code="d">2006-05-19</subfield>
      <subfield code="y">BK</subfield>
      <subfield code="p">02-30434</subfield>
      <subfield code="i">02-30434</subfield>
      <subfield code="g">30</subfield>
      <subfield code="o">316.334.55 A553s</subfield>
      <subfield code="e">Secretaría de Extensión - UNPA</subfield>
      <subfield code="8">CG</subfield>
    </datafield>
    <datafield tag="952" ind1=" " ind2=" ">
      <subfield code="a">BIB_RECT</subfield>
      <subfield code="b">BIB_UACO</subfield>
      <subfield code="d">2007-07-27</subfield>
      <subfield code="y">BK</subfield>
      <subfield code="p">02-32743</subfield>
      <subfield code="i">02-32743</subfield>
      <subfield code="g">30</subfield>
      <subfield code="o">316.334.55 A553s</subfield>
      <subfield code="e">Secretaría de Extensión - UNPA</subfield>
      <subfield code="8">CG</subfield>
    </datafield>
    <datafield tag="952" ind1=" " ind2=" ">
      <subfield code="a">BIB_RECT</subfield>
      <subfield code="b">BIB_UART</subfield>
      <subfield code="d">2006-05-19</subfield>
      <subfield code="y">BK</subfield>
      <subfield code="p">03-30438</subfield>
      <subfield code="i">03-30438</subfield>
      <subfield code="g">30</subfield>
      <subfield code="o">316.334.55 A553s</subfield>
      <subfield code="e">Secretaría de Extensión - UNPA</subfield>
      <subfield code="8">CG</subfield>
    </datafield>
    <datafield tag="952" ind1=" " ind2=" ">
      <subfield code="a">BIB_RECT</subfield>
      <subfield code="b">BIB_UART</subfield>
      <subfield code="d">2007-07-26</subfield>
      <subfield code="y">BK</subfield>
      <subfield code="p">03-32732</subfield>
      <subfield code="i">03-32732</subfield>
      <subfield code="g">30</subfield>
      <subfield code="o">316.334.55 A553s</subfield>
      <subfield code="e">Secretaría de Extensión - UNPA</subfield>
      <subfield code="8">CG</subfield>
    </datafield>
    <datafield tag="952" ind1=" " ind2=" ">
      <subfield code="a">BIB_RECT</subfield>
      <subfield code="b">BIB_UASJ</subfield>
      <subfield code="d">2006-05-19</subfield>
      <subfield code="y">BK</subfield>
      <subfield code="p">04-30432</subfield>
      <subfield code="i">04-30432</subfield>
      <subfield code="g">30</subfield>
      <subfield code="o">316.334.55 A553s</subfield>
      <subfield code="e">Secretaría de Extensión - UNPA</subfield>
      <subfield code="8">CG</subfield>
    </datafield>
    <datafield tag="952" ind1=" " ind2=" ">
      <subfield code="a">BIB_RECT</subfield>
      <subfield code="b">BIB_UASJ</subfield>
      <subfield code="d">2007-07-27</subfield>
      <subfield code="y">BK</subfield>
      <subfield code="p">04-32746</subfield>
      <subfield code="i">04-32746</subfield>
      <subfield code="g">30</subfield>
      <subfield code="o">316.334.55 A553s</subfield>
      <subfield code="e">Secretaría de Extensión - UNPA</subfield>
      <subfield code="8">CG</subfield>
    </datafield>
    <datafield tag="952" ind1=" " ind2=" ">
      <subfield code="a">BIB_RECT</subfield>
      <subfield code="b">BIB_UARG</subfield>
      <subfield code="d">2006-05-19</subfield>
      <subfield code="y">BK</subfield>
      <subfield code="p">05-30441</subfield>
      <subfield code="i">05-30441</subfield>
      <subfield code="g">30</subfield>
      <subfield code="o">316.334.55 A553s</subfield>
      <subfield code="e">Secretaría de Extensión - UNPA</subfield>
      <subfield code="8">CG</subfield>
    </datafield>
    <datafield tag="952" ind1=" " ind2=" ">
      <subfield code="a">BIB_RECT</subfield>
      <subfield code="b">BIB_UARG</subfield>
      <subfield code="d">2007-07-26</subfield>
      <subfield code="y">BK</subfield>
      <subfield code="p">05-32734</subfield>
      <subfield code="i">05-32734</subfield>
      <subfield code="g">30</subfield>
      <subfield code="o">316.334.55 A553s</subfield>
      <subfield code="e">Secretaría de Extensión - UNPA</subfield>
      <subfield code="8">CG</subfield>
    </datafield>
    <datafield tag="952" ind1=" " ind2=" ">
      <subfield code="a">BIB_RECT</subfield>
      <subfield code="b">SAT_TRUN</subfield>
      <subfield code="d">2006-05-19</subfield>
      <subfield code="y">BK</subfield>
      <subfield code="p">10-30443</subfield>
      <subfield code="i">10-30443</subfield>
      <subfield code="g">30</subfield>
      <subfield code="o">316.334.55 A553s</subfield>
      <subfield code="e">Secretaría de Extensión - UNPA</subfield>
      <subfield code="8">CG</subfield>
    </datafield>
    <datafield tag="952" ind1=" " ind2=" ">
      <subfield code="a">BIB_RECT</subfield>
      <subfield code="b">SAT_TRUN</subfield>
      <subfield code="d">2007-07-26</subfield>
      <subfield code="y">BK</subfield>
      <subfield code="p">10-32740</subfield>
      <subfield code="i">10-32740</subfield>
      <subfield code="g">30</subfield>
      <subfield code="o">316.334.55 A553s</subfield>
      <subfield code="e">Secretaría de Extensión - UNPA</subfield>
      <subfield code="8">CG</subfield>
    </datafield>
    <datafield tag="952" ind1=" " ind2=" ">
      <subfield code="a">BIB_RECT</subfield>
      <subfield code="b">SAT_PBNA</subfield>
      <subfield code="d">2006-05-19</subfield>
      <subfield code="y">BK</subfield>
      <subfield code="p">11-30425</subfield>
      <subfield code="i">11-30425</subfield>
      <subfield code="g">30</subfield>
      <subfield code="o">316.334.55 A553s</subfield>
      <subfield code="e">Secretaría de Extensión - UNPA</subfield>
      <subfield code="8">CG</subfield>
    </datafield>
    <datafield tag="952" ind1=" " ind2=" ">
      <subfield code="a">BIB_RECT</subfield>
      <subfield code="b">SAT_PBNA</subfield>
      <subfield code="d">2007-07-25</subfield>
      <subfield code="y">BK</subfield>
      <subfield code="p">11-32723</subfield>
      <subfield code="i">11-32723</subfield>
      <subfield code="g">30</subfield>
      <subfield code="o">316.334.55 A553s</subfield>
      <subfield code="e">Secretaría de Extensión - UNPA</subfield>
      <subfield code="8">CG</subfield>
    </datafield>
    <datafield tag="952" ind1=" " ind2=" "/>
    <datafield tag="952" ind1=" " ind2=" "/>
    <datafield tag="952" ind1=" " ind2=" "/>
    <datafield tag="952" ind1=" " ind2=" "/>
    <datafield tag="952" ind1=" " ind2=" ">
      <subfield code="a">BIB_RECT</subfield>
      <subfield code="b">SAT_PDES</subfield>
      <subfield code="d">2006-05-19</subfield>
      <subfield code="y">BK</subfield>
      <subfield code="p">16-30419</subfield>
      <subfield code="i">16-30419</subfield>
      <subfield code="g">30</subfield>
      <subfield code="o">316.334.55 A553s</subfield>
      <subfield code="e">Secretaría de Extensión - UNPA</subfield>
      <subfield code="8">CG</subfield>
    </datafield>
    <datafield tag="952" ind1=" " ind2=" "/>
    <datafield tag="952" ind1=" " ind2=" "/>
    <datafield tag="952" ind1=" " ind2=" ">
      <subfield code="a">BIB_RECT</subfield>
      <subfield code="b">SAT_GREG</subfield>
      <subfield code="d">2006-05-22</subfield>
      <subfield code="y">BK</subfield>
      <subfield code="p">18-30451</subfield>
      <subfield code="i">18-30451</subfield>
      <subfield code="g">30</subfield>
      <subfield code="o">316.334.55 A553s</subfield>
      <subfield code="e">Secretaría de Extensión - UNPA</subfield>
      <subfield code="8">CG</subfield>
    </datafield>
    <datafield tag="952" ind1=" " ind2=" ">
      <subfield code="a">BIB_RECT</subfield>
      <subfield code="b">SAT_GREG</subfield>
      <subfield code="d">2007-07-25</subfield>
      <subfield code="y">BK</subfield>
      <subfield code="p">18-32729</subfield>
      <subfield code="i">18-32729</subfield>
      <subfield code="g">30</subfield>
      <subfield code="o">316.334.55 A553s</subfield>
      <subfield code="e">Secretaría de Extensión - UNPA</subfield>
      <subfield code="8">CG</subfield>
    </datafield>
    <datafield tag="952" ind1=" " ind2=" "/>
    <datafield tag="952" ind1=" " ind2=" "/>
  </record>