
  <record>
    <leader>01000aam  22002601a 4500</leader>
    <controlfield tag="001">YPZ6132</controlfield>
    <controlfield tag="003">YPZ</controlfield>
    <controlfield tag="005">200605300954560</controlfield>
    <controlfield tag="008">060530|###########||||||b||||||||||spa|d</controlfield>
    <datafield tag="020" ind1=" " ind2=" ">
      <subfield code="a">8495294885</subfield>
    </datafield>
    <datafield tag="040" ind1=" " ind2=" ">
      <subfield code="c">SIUNPA</subfield>
    </datafield>
    <datafield tag="041" ind1=" " ind2=" ">
      <subfield code="a">spa</subfield>
    </datafield>
    <datafield tag="044" ind1=" " ind2=" ">
      <subfield code="a">AR</subfield>
    </datafield>
    <datafield tag="080" ind1=" " ind2=" ">
      <subfield code="a">371.671 F363i</subfield>
    </datafield>
    <datafield tag="100" ind1=" " ind2=" ">
      <subfield code="a">Fernández Reiris, Adriana.</subfield>
    </datafield>
    <datafield tag="245" ind1=" " ind2=" ">
      <subfield code="a">La importancia de ser llamado libro de texto</subfield>
      <subfield code="b"> : hegemonía y control del currículum en el aula</subfield>
    </datafield>
    <datafield tag="250" ind1=" " ind2=" ">
      <subfield code="a">1a ed.</subfield>
    </datafield>
    <datafield tag="260" ind1=" " ind2=" ">
      <subfield code="a">Río Gallegos</subfield>
      <subfield code="a">Buenos Aires</subfield>
      <subfield code="b"> : UNPA</subfield>
      <subfield code="b"> : Miño y Dávila</subfield>
      <subfield code="c"> , 2005</subfield>
    </datafield>
    <datafield tag="650" ind1=" " ind2=" ">
      <subfield code="a"> LIBROS DE TEXTO</subfield>
    </datafield>
    <datafield tag="650" ind1=" " ind2=" ">
      <subfield code="a"> ENSEÑANZA DE LA LECTURA</subfield>
    </datafield>
    <datafield tag="650" ind1=" " ind2=" ">
      <subfield code="a"> CURRICULUM ESCOLAR</subfield>
    </datafield>
    <datafield tag="942" ind1=" " ind2=" ">
      <subfield code="c">BK</subfield>
    </datafield>
    <datafield tag="952" ind1=" " ind2=" ">
      <subfield code="a">BIB_RECT</subfield>
      <subfield code="b">BIB_UACO</subfield>
      <subfield code="d">2006-05-19</subfield>
      <subfield code="y">BK</subfield>
      <subfield code="p">02-30435</subfield>
      <subfield code="i">02-30435</subfield>
      <subfield code="g">32</subfield>
      <subfield code="o">371.671 F363i</subfield>
      <subfield code="e">Secretaría de Extensión - UNPA</subfield>
      <subfield code="8">CG</subfield>
    </datafield>
    <datafield tag="952" ind1=" " ind2=" ">
      <subfield code="a">BIB_RECT</subfield>
      <subfield code="b">BIB_UACO</subfield>
      <subfield code="d">2007-07-27</subfield>
      <subfield code="y">BK</subfield>
      <subfield code="p">02-32744</subfield>
      <subfield code="i">02-32744</subfield>
      <subfield code="g">32</subfield>
      <subfield code="o">371.671 F363i</subfield>
      <subfield code="e">Secretaría de Extensión - UNPA</subfield>
      <subfield code="8">CG</subfield>
    </datafield>
    <datafield tag="952" ind1=" " ind2=" ">
      <subfield code="a">BIB_RECT</subfield>
      <subfield code="b">BIB_UART</subfield>
      <subfield code="d">2006-05-19</subfield>
      <subfield code="y">BK</subfield>
      <subfield code="p">03-30437</subfield>
      <subfield code="i">03-30437</subfield>
      <subfield code="g">32</subfield>
      <subfield code="o">371.671 F363i</subfield>
      <subfield code="e">Secretaría de Extensión - UNPA</subfield>
      <subfield code="8">CG</subfield>
    </datafield>
    <datafield tag="952" ind1=" " ind2=" ">
      <subfield code="a">BIB_RECT</subfield>
      <subfield code="b">BIB_UART</subfield>
      <subfield code="d">2007-07-26</subfield>
      <subfield code="y">BK</subfield>
      <subfield code="p">03-32733</subfield>
      <subfield code="i">03-32733</subfield>
      <subfield code="g">32</subfield>
      <subfield code="o">371.671 F363i</subfield>
      <subfield code="e">Donación</subfield>
      <subfield code="8">CG</subfield>
    </datafield>
    <datafield tag="952" ind1=" " ind2=" ">
      <subfield code="a">BIB_RECT</subfield>
      <subfield code="b">BIB_UASJ</subfield>
      <subfield code="d">2006-05-19</subfield>
      <subfield code="y">BK</subfield>
      <subfield code="p">04-30431</subfield>
      <subfield code="i">04-30431</subfield>
      <subfield code="g">32</subfield>
      <subfield code="o">371.671 F363i</subfield>
      <subfield code="e">Secretaría de Extensión - UNPA</subfield>
      <subfield code="8">CG</subfield>
    </datafield>
    <datafield tag="952" ind1=" " ind2=" ">
      <subfield code="a">BIB_RECT</subfield>
      <subfield code="b">BIB_UASJ</subfield>
      <subfield code="d">2007-07-27</subfield>
      <subfield code="y">BK</subfield>
      <subfield code="p">04-32747</subfield>
      <subfield code="i">04-32747</subfield>
      <subfield code="g">32</subfield>
      <subfield code="o">371.671 F363i</subfield>
      <subfield code="e">Secretaría de Extensión - UNPA</subfield>
      <subfield code="8">CG</subfield>
    </datafield>
    <datafield tag="952" ind1=" " ind2=" ">
      <subfield code="a">BIB_RECT</subfield>
      <subfield code="b">BIB_UARG</subfield>
      <subfield code="d">2006-05-19</subfield>
      <subfield code="y">BK</subfield>
      <subfield code="p">05-30440</subfield>
      <subfield code="i">05-30440</subfield>
      <subfield code="g">32</subfield>
      <subfield code="o">371.671 F363i</subfield>
      <subfield code="e">Secretaría de Extensión - UNPA</subfield>
      <subfield code="8">CG</subfield>
    </datafield>
    <datafield tag="952" ind1=" " ind2=" ">
      <subfield code="a">BIB_RECT</subfield>
      <subfield code="b">BIB_UARG</subfield>
      <subfield code="d">2007-07-26</subfield>
      <subfield code="y">BK</subfield>
      <subfield code="p">05-32735</subfield>
      <subfield code="i">05-32735</subfield>
      <subfield code="g">32</subfield>
      <subfield code="o">371.671 F363i</subfield>
      <subfield code="e">Secretaría de Extensión - UNPA</subfield>
      <subfield code="8">CG</subfield>
    </datafield>
    <datafield tag="952" ind1=" " ind2=" ">
      <subfield code="a">BIB_RECT</subfield>
      <subfield code="b">SAT_TRUN</subfield>
      <subfield code="d">2006-05-19</subfield>
      <subfield code="y">BK</subfield>
      <subfield code="p">10-30444</subfield>
      <subfield code="i">10-30444</subfield>
      <subfield code="g">32</subfield>
      <subfield code="o">371.671 F363i</subfield>
      <subfield code="e">Secretaría de Extensión - UNPA</subfield>
      <subfield code="8">CG</subfield>
    </datafield>
    <datafield tag="952" ind1=" " ind2=" ">
      <subfield code="a">BIB_RECT</subfield>
      <subfield code="b">SAT_TRUN</subfield>
      <subfield code="d">2007-07-26</subfield>
      <subfield code="y">BK</subfield>
      <subfield code="p">10-32741</subfield>
      <subfield code="i">10-32741</subfield>
      <subfield code="g">32</subfield>
      <subfield code="o">371.671 F363i</subfield>
      <subfield code="e">Secretaría de Extensión - UNPA</subfield>
      <subfield code="8">CG</subfield>
    </datafield>
    <datafield tag="952" ind1=" " ind2=" ">
      <subfield code="a">BIB_RECT</subfield>
      <subfield code="b">SAT_PBNA</subfield>
      <subfield code="d">2006-05-19</subfield>
      <subfield code="y">BK</subfield>
      <subfield code="p">11-30426</subfield>
      <subfield code="i">11-30426</subfield>
      <subfield code="g">32</subfield>
      <subfield code="o">371.671 F363i</subfield>
      <subfield code="e">Secretaría de Extensión - UNPA</subfield>
      <subfield code="8">CG</subfield>
    </datafield>
    <datafield tag="952" ind1=" " ind2=" ">
      <subfield code="a">BIB_RECT</subfield>
      <subfield code="b">SAT_PBNA</subfield>
      <subfield code="d">2007-07-25</subfield>
      <subfield code="y">BK</subfield>
      <subfield code="p">11-32724</subfield>
      <subfield code="i">11-32724</subfield>
      <subfield code="g">32</subfield>
      <subfield code="o">371.671 F363i</subfield>
      <subfield code="e">Secretaría de Extensión - UNPA</subfield>
      <subfield code="8">CG</subfield>
    </datafield>
    <datafield tag="952" ind1=" " ind2=" "/>
    <datafield tag="952" ind1=" " ind2=" "/>
    <datafield tag="952" ind1=" " ind2=" "/>
    <datafield tag="952" ind1=" " ind2=" "/>
    <datafield tag="952" ind1=" " ind2=" ">
      <subfield code="a">BIB_RECT</subfield>
      <subfield code="b">SAT_PDES</subfield>
      <subfield code="d">2006-05-19</subfield>
      <subfield code="y">BK</subfield>
      <subfield code="p">16-30420</subfield>
      <subfield code="i">16-30420</subfield>
      <subfield code="g">32</subfield>
      <subfield code="o">371.671 F363i</subfield>
      <subfield code="e">Secretaría de Extensión - UNPA</subfield>
      <subfield code="8">CG</subfield>
    </datafield>
    <datafield tag="952" ind1=" " ind2=" "/>
    <datafield tag="952" ind1=" " ind2=" "/>
    <datafield tag="952" ind1=" " ind2=" ">
      <subfield code="a">BIB_RECT</subfield>
      <subfield code="b">SAT_GREG</subfield>
      <subfield code="d">2006-05-22</subfield>
      <subfield code="y">BK</subfield>
      <subfield code="p">18-30449</subfield>
      <subfield code="i">18-30449</subfield>
      <subfield code="g">32</subfield>
      <subfield code="o">371.671 F363i</subfield>
      <subfield code="e">Secretaría de Extensión - UNPA</subfield>
      <subfield code="8">CG</subfield>
    </datafield>
    <datafield tag="952" ind1=" " ind2=" ">
      <subfield code="a">BIB_RECT</subfield>
      <subfield code="b">SAT_GREG</subfield>
      <subfield code="d">2007-07-25</subfield>
      <subfield code="y">BK</subfield>
      <subfield code="p">18-32730</subfield>
      <subfield code="i">18-32730</subfield>
      <subfield code="g">32</subfield>
      <subfield code="o">371.671 F363i</subfield>
      <subfield code="e">Secretaría de Extensión - UNPA</subfield>
      <subfield code="8">CG</subfield>
    </datafield>
    <datafield tag="952" ind1=" " ind2=" "/>
    <datafield tag="952" ind1=" " ind2=" "/>
  </record>