
  <record>
    <leader>01000aam  22002601a 4500</leader>
    <controlfield tag="001">YPZ6134</controlfield>
    <controlfield tag="003">YPZ</controlfield>
    <controlfield tag="005">200606010929130</controlfield>
    <controlfield tag="008">060601|###########||||||b||||||||||spa|d</controlfield>
    <datafield tag="040" ind1=" " ind2=" ">
      <subfield code="c">SIUNPA</subfield>
    </datafield>
    <datafield tag="041" ind1=" " ind2=" ">
      <subfield code="a">spa</subfield>
    </datafield>
    <datafield tag="044" ind1=" " ind2=" ">
      <subfield code="a">AR</subfield>
    </datafield>
    <datafield tag="080" ind1=" " ind2=" ">
      <subfield code="a">37.05 A691i</subfield>
    </datafield>
    <datafield tag="110" ind1=" " ind2=" ">
      <subfield code="a">Argentina. Ministerio de Economía y Obras y Servicios Públicos. Secretaría de Programación Económica y Regional. Dirección Nacional de Programación del Gasto Social.</subfield>
    </datafield>
    <datafield tag="245" ind1=" " ind2=" ">
      <subfield code="a">El impacto distributivo del gasto público en educación en Mendoza</subfield>
    </datafield>
    <datafield tag="260" ind1=" " ind2=" ">
      <subfield code="a">Buenos Aires</subfield>
      <subfield code="b"> : Ministerio de Economía y Obras y Servicios Públicos</subfield>
      <subfield code="c"> , 1998</subfield>
    </datafield>
    <datafield tag="440" ind1=" " ind2=" ">
      <subfield code="a">Colección sociedad y ambiente</subfield>
      <subfield code="a">Colección Educación, crítica y debate</subfield>
      <subfield code="a">Serie gasto público</subfield>
      <subfield code="v">GP/05</subfield>
    </datafield>
    <datafield tag="490" ind1=" " ind2=" ">
      <subfield code="a">Colección sociedad y ambiente</subfield>
      <subfield code="a">Colección Educación, crítica y debate</subfield>
      <subfield code="a">Serie gasto público</subfield>
      <subfield code="v">GP/05</subfield>
    </datafield>
    <datafield tag="650" ind1=" " ind2=" ">
      <subfield code="a"> FINANCIACION DE LA EDUCACION</subfield>
    </datafield>
    <datafield tag="650" ind1=" " ind2=" ">
      <subfield code="a"> MENDOZA (ARGENTINA)</subfield>
    </datafield>
    <datafield tag="942" ind1=" " ind2=" ">
      <subfield code="c">BK</subfield>
    </datafield>
    <datafield tag="952" ind1=" " ind2=" ">
      <subfield code="a">BIB_RECT</subfield>
      <subfield code="b">BIB_UACO</subfield>
      <subfield code="d">2006-04-26</subfield>
      <subfield code="y">BK</subfield>
      <subfield code="p">02-30257</subfield>
      <subfield code="i">02-30257</subfield>
      <subfield code="g">20</subfield>
      <subfield code="o">37.05 A691i</subfield>
      <subfield code="e">UACO</subfield>
      <subfield code="8">CG</subfield>
    </datafield>
  </record>