
  <record>
    <leader>01000aam  22002601a 4500</leader>
    <controlfield tag="001">YPZ6152</controlfield>
    <controlfield tag="003">YPZ</controlfield>
    <controlfield tag="005">200606071616110</controlfield>
    <controlfield tag="008">060607|###########||||||b||||||||||spa|d</controlfield>
    <datafield tag="020" ind1=" " ind2=" ">
      <subfield code="a">8449305608</subfield>
    </datafield>
    <datafield tag="040" ind1=" " ind2=" ">
      <subfield code="c">SIUNPA</subfield>
    </datafield>
    <datafield tag="041" ind1=" " ind2=" ">
      <subfield code="a">spa</subfield>
    </datafield>
    <datafield tag="044" ind1=" " ind2=" ">
      <subfield code="a">ES</subfield>
    </datafield>
    <datafield tag="080" ind1=" " ind2=" ">
      <subfield code="a">321.01 R787p</subfield>
    </datafield>
    <datafield tag="100" ind1=" " ind2=" ">
      <subfield code="a">Rorty, Richard.</subfield>
    </datafield>
    <datafield tag="245" ind1=" " ind2=" ">
      <subfield code="a">Pragmatismo y política</subfield>
      <subfield code="c"> / Águila, Rafael del, ed., introd. y tr.</subfield>
    </datafield>
    <datafield tag="250" ind1=" " ind2=" ">
      <subfield code="a">1a ed.</subfield>
    </datafield>
    <datafield tag="260" ind1=" " ind2=" ">
      <subfield code="a">Barcelona</subfield>
      <subfield code="b"> : Paidós</subfield>
      <subfield code="b"> : ICE, Universidad Autónoma de Barcelona</subfield>
      <subfield code="c"> , 1998</subfield>
    </datafield>
    <datafield tag="440" ind1=" " ind2=" ">
      <subfield code="a">Pensamiento contemporáneo</subfield>
      <subfield code="v">55</subfield>
    </datafield>
    <datafield tag="490" ind1=" " ind2=" ">
      <subfield code="a">Pensamiento contemporáneo</subfield>
      <subfield code="v">55</subfield>
    </datafield>
    <datafield tag="650" ind1=" " ind2=" ">
      <subfield code="a"> PRAGMATISMO</subfield>
    </datafield>
    <datafield tag="650" ind1=" " ind2=" ">
      <subfield code="a"> FILOSOFIA POLITICA</subfield>
    </datafield>
    <datafield tag="942" ind1=" " ind2=" ">
      <subfield code="c">BK</subfield>
    </datafield>
    <datafield tag="952" ind1=" " ind2=" ">
      <subfield code="a">BIB_RECT</subfield>
      <subfield code="b">BIB_UARG</subfield>
      <subfield code="d">2006-06-05</subfield>
      <subfield code="y">BK</subfield>
      <subfield code="p">05-30476</subfield>
      <subfield code="i">05-30476</subfield>
      <subfield code="g">29</subfield>
      <subfield code="o">321.01 R787p</subfield>
      <subfield code="e">PI29/A047</subfield>
      <subfield code="8">CG</subfield>
    </datafield>
  </record>