
  <record>
    <leader>01000aam  22002601a 4500</leader>
    <controlfield tag="001">YPZ6164</controlfield>
    <controlfield tag="003">YPZ</controlfield>
    <controlfield tag="005">200606091002230</controlfield>
    <controlfield tag="008">060609|###########||||||b||||||||||spa|d</controlfield>
    <datafield tag="020" ind1=" " ind2=" ">
      <subfield code="a">9509807699</subfield>
    </datafield>
    <datafield tag="040" ind1=" " ind2=" ">
      <subfield code="c">SIUNPA</subfield>
    </datafield>
    <datafield tag="041" ind1=" " ind2=" ">
      <subfield code="a">spa</subfield>
    </datafield>
    <datafield tag="044" ind1=" " ind2=" ">
      <subfield code="a">AR</subfield>
    </datafield>
    <datafield tag="080" ind1=" " ind2=" ">
      <subfield code="a">R7.031.3 M834h</subfield>
    </datafield>
    <datafield tag="100" ind1=" " ind2=" ">
      <subfield code="a">Mordo, Carlos.</subfield>
    </datafield>
    <datafield tag="245" ind1=" " ind2=" ">
      <subfield code="a">La herencia olvidada</subfield>
      <subfield code="b"> : arte indígena de la Argentina</subfield>
      <subfield code="c"> / Fiadone, Alejandro, il. ; Echeverría, Gaba, il. ; Argota, Cristina, fot. ; Zuviría, Facundo de, fot. ; Bechis, Fedérico, fot. ; Nielsen, Axel, fot. ; Limbrunner, Enrique, fot. ; Pérez Bugallo, Rubén, fot. ; Chiesa, Néstor, fot. ; Mordo, Carlos, fot.</subfield>
    </datafield>
    <datafield tag="260" ind1=" " ind2=" ">
      <subfield code="a">Buenos Aires</subfield>
      <subfield code="b"> : Fondo Nacional de las Artes</subfield>
      <subfield code="c"> , 2001</subfield>
    </datafield>
    <datafield tag="650" ind1=" " ind2=" ">
      <subfield code="a"> ARTE INDIGENA</subfield>
    </datafield>
    <datafield tag="650" ind1=" " ind2=" ">
      <subfield code="a"> ARTESANIA</subfield>
    </datafield>
    <datafield tag="650" ind1=" " ind2=" ">
      <subfield code="a"> ARGENTINA</subfield>
    </datafield>
    <datafield tag="942" ind1=" " ind2=" ">
      <subfield code="c">BK</subfield>
    </datafield>
    <datafield tag="952" ind1=" " ind2=" ">
      <subfield code="a">BIB_RECT</subfield>
      <subfield code="b">BIB_UARG</subfield>
      <subfield code="d">2006-06-05</subfield>
      <subfield code="y">BK</subfield>
      <subfield code="p">05-30474</subfield>
      <subfield code="i">05-30474</subfield>
      <subfield code="g">120</subfield>
      <subfield code="o">R7.031.3 M834h</subfield>
      <subfield code="e">PI029/A084</subfield>
      <subfield code="7">4</subfield>
      <subfield code="8">CR</subfield>
    </datafield>
  </record>