
  <record>
    <leader>01000aam  22002601a 4500</leader>
    <controlfield tag="001">YPZ6180</controlfield>
    <controlfield tag="003">YPZ</controlfield>
    <controlfield tag="005">200607241152580</controlfield>
    <controlfield tag="008">060724|###########||||||b||||||||||spa|d</controlfield>
    <datafield tag="020" ind1=" " ind2=" ">
      <subfield code="a">9501325192</subfield>
    </datafield>
    <datafield tag="040" ind1=" " ind2=" ">
      <subfield code="c">SIUNPA</subfield>
    </datafield>
    <datafield tag="044" ind1=" " ind2=" ">
      <subfield code="a">AR</subfield>
    </datafield>
    <datafield tag="080" ind1=" " ind2=" ">
      <subfield code="a">7506</subfield>
    </datafield>
    <datafield tag="100" ind1=" " ind2=" ">
      <subfield code="a">Negro Juana Inés.</subfield>
    </datafield>
    <datafield tag="245" ind1=" " ind2=" ">
      <subfield code="a">Geografía Política y económica de la República Argentina,  Para quinto año del bachillerato</subfield>
      <subfield code="b"> : Para quinto año del bachillerato</subfield>
    </datafield>
    <datafield tag="260" ind1=" " ind2=" ">
      <subfield code="a">Buenos Aires</subfield>
      <subfield code="b"> : Kapelusz</subfield>
      <subfield code="c"> , 1993</subfield>
    </datafield>
    <datafield tag="300" ind1=" " ind2=" ">
      <subfield code="a">101  p. : </subfield>
      <subfield code="a">293  p. : </subfield>
      <subfield code="b">il. ; </subfield>
    </datafield>
    <datafield tag="942" ind1=" " ind2=" ">
      <subfield code="c">BK</subfield>
    </datafield>
    <datafield tag="952" ind1=" " ind2=" ">
      <subfield code="a">BIB_RECT</subfield>
      <subfield code="b">BIB_UARG</subfield>
      <subfield code="d">2006-08-28</subfield>
      <subfield code="y">BK</subfield>
      <subfield code="p">05-07506</subfield>
      <subfield code="i">05-07506</subfield>
      <subfield code="g"/>
      <subfield code="o">7506</subfield>
      <subfield code="e"/>
      <subfield code="8">CG</subfield>
    </datafield>
  </record>