
  <record>
    <leader>01000aam  22002601a 4500</leader>
    <controlfield tag="001">YPZ6240</controlfield>
    <controlfield tag="003">YPZ</controlfield>
    <controlfield tag="005">200607241152580</controlfield>
    <controlfield tag="008">060724|###########||||||b||||||||||spa|d</controlfield>
    <datafield tag="020" ind1=" " ind2=" ">
      <subfield code="a">9275315574</subfield>
    </datafield>
    <datafield tag="040" ind1=" " ind2=" ">
      <subfield code="c">SIUNPA</subfield>
    </datafield>
    <datafield tag="041" ind1=" " ind2=" ">
      <subfield code="a">spa</subfield>
    </datafield>
    <datafield tag="044" ind1=" " ind2=" ">
      <subfield code="a">US</subfield>
    </datafield>
    <datafield tag="080" ind1=" " ind2=" ">
      <subfield code="a">614.3 O68p</subfield>
    </datafield>
    <datafield tag="100" ind1=" " ind2=" ">
      <subfield code="a">OPS Organización Panamericana de la Salud.</subfield>
    </datafield>
    <datafield tag="245" ind1=" " ind2=" ">
      <subfield code="a">Promoción de la salud,  una antología</subfield>
      <subfield code="b"> : una antología</subfield>
    </datafield>
    <datafield tag="260" ind1=" " ind2=" ">
      <subfield code="a">Washington, DC</subfield>
      <subfield code="b"> : Organización Panamericana de la Salud</subfield>
      <subfield code="c"> , c1996</subfield>
    </datafield>
    <datafield tag="300" ind1=" " ind2=" ">
      <subfield code="a">xii, 403 p. : </subfield>
      <subfield code="b">il. ; </subfield>
    </datafield>
    <datafield tag="440" ind1=" " ind2=" ">
      <subfield code="a">Colección didáctica operativa</subfield>
      <subfield code="a">Colección psicoteca mayor</subfield>
      <subfield code="a">Letras mexicanas</subfield>
      <subfield code="a">Series In Automatic Computation</subfield>
      <subfield code="a">Colección psicología contemporánea</subfield>
      <subfield code="a">Lógica y Teoría de la Ciencia</subfield>
      <subfield code="a">Cuadernos de Servicio Social</subfield>
      <subfield code="a">Educación Hoy y Mañana</subfield>
      <subfield code="a">Publicación científica</subfield>
      <subfield code="v">no. 557</subfield>
    </datafield>
    <datafield tag="490" ind1=" " ind2=" ">
      <subfield code="a">Colección didáctica operativa</subfield>
      <subfield code="a">Colección psicoteca mayor</subfield>
      <subfield code="a">Letras mexicanas</subfield>
      <subfield code="a">Series In Automatic Computation</subfield>
      <subfield code="a">Colección psicología contemporánea</subfield>
      <subfield code="a">Lógica y Teoría de la Ciencia</subfield>
      <subfield code="a">Cuadernos de Servicio Social</subfield>
      <subfield code="a">Educación Hoy y Mañana</subfield>
      <subfield code="a">Publicación científica</subfield>
      <subfield code="v">no. 557</subfield>
    </datafield>
    <datafield tag="440" ind1=" " ind2=" ">
      <subfield code="v">no. 557</subfield>
    </datafield>
    <datafield tag="490" ind1=" " ind2=" ">
      <subfield code="v">no. 557</subfield>
    </datafield>
    <datafield tag="650" ind1=" " ind2=" ">
      <subfield code="a">SALUD</subfield>
    </datafield>
    <datafield tag="650" ind1=" " ind2=" ">
      <subfield code="a">POLITICA DE LA SALUD</subfield>
    </datafield>
    <datafield tag="650" ind1=" " ind2=" ">
      <subfield code="a">PROMOCION DE LA SALUD</subfield>
    </datafield>
    <datafield tag="650" ind1=" " ind2=" ">
      <subfield code="a">SALUD PUBLICA</subfield>
    </datafield>
    <datafield tag="942" ind1=" " ind2=" ">
      <subfield code="c">BK</subfield>
    </datafield>
    <datafield tag="952" ind1=" " ind2=" ">
      <subfield code="a">BIB_RECT</subfield>
      <subfield code="b">BIB_UARG</subfield>
      <subfield code="d">2006-08-28</subfield>
      <subfield code="y">BK</subfield>
      <subfield code="p">05-15130</subfield>
      <subfield code="i">05-15130</subfield>
      <subfield code="g"/>
      <subfield code="o">614.3 O68p</subfield>
      <subfield code="e">PRESIUNPA/01</subfield>
      <subfield code="8">CG</subfield>
    </datafield>
  </record>