
  <record>
    <leader>01000aam  22002601a 4500</leader>
    <controlfield tag="001">YPZ6345</controlfield>
    <controlfield tag="003">YPZ</controlfield>
    <controlfield tag="005">200607241152580</controlfield>
    <controlfield tag="008">060724|###########||||||b||||||||||spa|d</controlfield>
    <datafield tag="020" ind1=" " ind2=" ">
      <subfield code="a">8473393570</subfield>
    </datafield>
    <datafield tag="040" ind1=" " ind2=" ">
      <subfield code="c">SIUNPA</subfield>
    </datafield>
    <datafield tag="041" ind1=" " ind2=" ">
      <subfield code="a">spa</subfield>
    </datafield>
    <datafield tag="044" ind1=" " ind2=" ">
      <subfield code="a">ES</subfield>
    </datafield>
    <datafield tag="080" ind1=" " ind2=" ">
      <subfield code="a">930 P489m</subfield>
    </datafield>
    <datafield tag="100" ind1=" " ind2=" ">
      <subfield code="a">Petit P..</subfield>
    </datafield>
    <datafield tag="700" ind1=" " ind2=" ">
      <subfield code="a">Vittinghof F..</subfield>
    </datafield>
    <datafield tag="700" ind1=" " ind2=" ">
      <subfield code="a">Schtajerman E. M..</subfield>
    </datafield>
    <datafield tag="700" ind1=" " ind2=" ">
      <subfield code="a">Sharevskaia B..</subfield>
    </datafield>
    <datafield tag="700" ind1=" " ind2=" ">
      <subfield code="a">Guenther R..</subfield>
    </datafield>
    <datafield tag="700" ind1=" " ind2=" ">
      <subfield code="a">Schurut G..</subfield>
    </datafield>
    <datafield tag="700" ind1=" " ind2=" ">
      <subfield code="a">Utchenko S. L..</subfield>
    </datafield>
    <datafield tag="700" ind1=" " ind2=" ">
      <subfield code="a">Sereni E..</subfield>
    </datafield>
    <datafield tag="700" ind1=" " ind2=" ">
      <subfield code="a">Parain Charles.</subfield>
    </datafield>
    <datafield tag="245" ind1=" " ind2=" ">
      <subfield code="a">El modo de producción esclavista</subfield>
      <subfield code="c"> / prólogo de; Prieto Arciniega. A. M.</subfield>
    </datafield>
    <datafield tag="260" ind1=" " ind2=" ">
      <subfield code="a">México, D.F.</subfield>
      <subfield code="b"> : MEGABYTE</subfield>
      <subfield code="b"> : LIMUSA</subfield>
      <subfield code="b"> : 1994</subfield>
      <subfield code="a">Madrid</subfield>
      <subfield code="b"> : Akal</subfield>
      <subfield code="c"> , 1978</subfield>
    </datafield>
    <datafield tag="300" ind1=" " ind2=" ">
      <subfield code="a">671 p. : </subfield>
      <subfield code="b">il. ; </subfield>
      <subfield code="a">287 p. : </subfield>
    </datafield>
    <datafield tag="440" ind1=" " ind2=" ">
      <subfield code="a">Serie Trillas turismo</subfield>
      <subfield code="a">Colección manifiesto. Serie Historia</subfield>
      <subfield code="v">75</subfield>
    </datafield>
    <datafield tag="490" ind1=" " ind2=" ">
      <subfield code="a">Serie Trillas turismo</subfield>
      <subfield code="a">Colección manifiesto. Serie Historia</subfield>
      <subfield code="v">75</subfield>
    </datafield>
    <datafield tag="440" ind1=" " ind2=" ">
      <subfield code="v">75</subfield>
    </datafield>
    <datafield tag="490" ind1=" " ind2=" ">
      <subfield code="v">75</subfield>
    </datafield>
    <datafield tag="650" ind1=" " ind2=" ">
      <subfield code="a">HISTORIOGRAFIA</subfield>
    </datafield>
    <datafield tag="650" ind1=" " ind2=" ">
      <subfield code="a">ESCLAVITUD</subfield>
    </datafield>
    <datafield tag="650" ind1=" " ind2=" ">
      <subfield code="a">HISTORIA ANTIGUA</subfield>
    </datafield>
    <datafield tag="650" ind1=" " ind2=" ">
      <subfield code="a">HISTORIA ECONOMICA</subfield>
    </datafield>
    <datafield tag="942" ind1=" " ind2=" ">
      <subfield code="c">BK</subfield>
    </datafield>
    <datafield tag="952" ind1=" " ind2=" ">
      <subfield code="a">BIB_RECT</subfield>
      <subfield code="b">BIB_UARG</subfield>
      <subfield code="d">2006-08-28</subfield>
      <subfield code="y">BK</subfield>
      <subfield code="p">05-07232</subfield>
      <subfield code="i">05-07232</subfield>
      <subfield code="g"/>
      <subfield code="o">930 P489m</subfield>
      <subfield code="e">ACUER. 012/93</subfield>
      <subfield code="8">CG</subfield>
    </datafield>
  </record>