
  <record>
    <leader>01000aam  22002601a 4500</leader>
    <controlfield tag="001">YPZ6668</controlfield>
    <controlfield tag="003">YPZ</controlfield>
    <controlfield tag="005">200607241152590</controlfield>
    <controlfield tag="008">060724|###########||||||b||||||||||spa|d</controlfield>
    <datafield tag="020" ind1=" " ind2=" ">
      <subfield code="a">842831330X</subfield>
    </datafield>
    <datafield tag="040" ind1=" " ind2=" ">
      <subfield code="c">SIUNPA</subfield>
    </datafield>
    <datafield tag="041" ind1=" " ind2=" ">
      <subfield code="a">spa</subfield>
    </datafield>
    <datafield tag="044" ind1=" " ind2=" ">
      <subfield code="a">ES</subfield>
    </datafield>
    <datafield tag="080" ind1=" " ind2=" ">
      <subfield code="a">681.3 LUC</subfield>
    </datafield>
    <datafield tag="100" ind1=" " ind2=" ">
      <subfield code="a">Lucas Henry C..</subfield>
    </datafield>
    <datafield tag="245" ind1=" " ind2=" ">
      <subfield code="a">Técnicas de informática hoy,  sistemas de información. Análisis,  diseño,  puesta a prueba</subfield>
      <subfield code="b"> : sistemas de información. Análisis,  diseño,  puesta a prueba</subfield>
    </datafield>
    <datafield tag="250" ind1=" " ind2=" ">
      <subfield code="a">1a. ed</subfield>
    </datafield>
    <datafield tag="260" ind1=" " ind2=" ">
      <subfield code="a">Madrid</subfield>
      <subfield code="b"> : Paraninfo</subfield>
      <subfield code="c"> , 1987</subfield>
    </datafield>
    <datafield tag="300" ind1=" " ind2=" ">
      <subfield code="a">539 p. : </subfield>
    </datafield>
    <datafield tag="650" ind1=" " ind2=" ">
      <subfield code="a">SISTEMA DE INFORMACIONANALISIS DE DATOS</subfield>
    </datafield>
    <datafield tag="650" ind1=" " ind2=" ">
      <subfield code="a">DISEÑO</subfield>
    </datafield>
    <datafield tag="650" ind1=" " ind2=" ">
      <subfield code="a">APLICACION DE COMPUTADORAS</subfield>
    </datafield>
    <datafield tag="650" ind1=" " ind2=" ">
      <subfield code="a">DISEÑO ESTRUCTURAL</subfield>
    </datafield>
    <datafield tag="650" ind1=" " ind2=" ">
      <subfield code="a">COMPUTADORA</subfield>
    </datafield>
    <datafield tag="650" ind1=" " ind2=" ">
      <subfield code="a">INFORMACION TECNOLOGICA</subfield>
    </datafield>
    <datafield tag="942" ind1=" " ind2=" ">
      <subfield code="c">BK</subfield>
    </datafield>
    <datafield tag="952" ind1=" " ind2=" ">
      <subfield code="a">BIB_RECT</subfield>
      <subfield code="b">BIB_UACO</subfield>
      <subfield code="d">2006-12-07</subfield>
      <subfield code="y">BK</subfield>
      <subfield code="p">02-04609</subfield>
      <subfield code="i">02-04609</subfield>
      <subfield code="g">0</subfield>
      <subfield code="o">681.3 LUC</subfield>
      <subfield code="e"/>
      <subfield code="8">CG</subfield>
    </datafield>
    <datafield tag="952" ind1=" " ind2=" ">
      <subfield code="a">BIB_RECT</subfield>
      <subfield code="b">BIB_UACO</subfield>
      <subfield code="d">2006-12-07</subfield>
      <subfield code="y">BK</subfield>
      <subfield code="p">02-04610</subfield>
      <subfield code="i">02-04610</subfield>
      <subfield code="g">0</subfield>
      <subfield code="o">681.3 LUC</subfield>
      <subfield code="e"/>
      <subfield code="8">CG</subfield>
    </datafield>
    <datafield tag="952" ind1=" " ind2=" ">
      <subfield code="a">BIB_RECT</subfield>
      <subfield code="b">BIB_UACO</subfield>
      <subfield code="d">2006-12-07</subfield>
      <subfield code="y">BK</subfield>
      <subfield code="p">02-04611</subfield>
      <subfield code="i">02-04611</subfield>
      <subfield code="g">0</subfield>
      <subfield code="o">681.3 LUC</subfield>
      <subfield code="e"/>
      <subfield code="8">CG</subfield>
    </datafield>
    <datafield tag="952" ind1=" " ind2=" ">
      <subfield code="a">BIB_RECT</subfield>
      <subfield code="b">BIB_UACO</subfield>
      <subfield code="d">2006-12-07</subfield>
      <subfield code="y">BK</subfield>
      <subfield code="p">02-04612</subfield>
      <subfield code="i">02-04612</subfield>
      <subfield code="g">0</subfield>
      <subfield code="o">681.3 LUC</subfield>
      <subfield code="e"/>
      <subfield code="8">CG</subfield>
    </datafield>
    <datafield tag="952" ind1=" " ind2=" ">
      <subfield code="a">BIB_RECT</subfield>
      <subfield code="b">BIB_UARG</subfield>
      <subfield code="d">2006-08-28</subfield>
      <subfield code="y">BK</subfield>
      <subfield code="p">05-07976</subfield>
      <subfield code="i">05-07976</subfield>
      <subfield code="g"/>
      <subfield code="o">681.3 LUC</subfield>
      <subfield code="e">ACUER.073/94</subfield>
      <subfield code="8">CG</subfield>
    </datafield>
  </record>