
  <record>
    <leader>01000aam  22002601a 4500</leader>
    <controlfield tag="001">YPZ6829</controlfield>
    <controlfield tag="003">YPZ</controlfield>
    <controlfield tag="005">200607241152590</controlfield>
    <controlfield tag="008">060724|###########||||||b||||||||||spa|d</controlfield>
    <datafield tag="020" ind1=" " ind2=" ">
      <subfield code="a">8433535005</subfield>
    </datafield>
    <datafield tag="040" ind1=" " ind2=" ">
      <subfield code="c">SIUNPA</subfield>
    </datafield>
    <datafield tag="041" ind1=" " ind2=" ">
      <subfield code="a">spa</subfield>
    </datafield>
    <datafield tag="044" ind1=" " ind2=" ">
      <subfield code="a">ES</subfield>
    </datafield>
    <datafield tag="080" ind1=" " ind2=" ">
      <subfield code="a">7.03 H376h21</subfield>
    </datafield>
    <datafield tag="100" ind1=" " ind2=" ">
      <subfield code="a">Hauser Arnold.</subfield>
    </datafield>
    <datafield tag="245" ind1=" " ind2=" ">
      <subfield code="a">Historia social de la literatura y del arte</subfield>
    </datafield>
    <datafield tag="250" ind1=" " ind2=" ">
      <subfield code="a">21a. ed</subfield>
    </datafield>
    <datafield tag="260" ind1=" " ind2=" ">
      <subfield code="a">Barcelona</subfield>
      <subfield code="b"> : Labor</subfield>
      <subfield code="c"> , c1992</subfield>
    </datafield>
    <datafield tag="300" ind1=" " ind2=" ">
      <subfield code="a">3 v. : </subfield>
    </datafield>
    <datafield tag="440" ind1=" " ind2=" ">
      <subfield code="a">Los Jefes Militares</subfield>
      <subfield code="a">Los Caudillos Argentinos</subfield>
      <subfield code="a">Colección Demos. Biblioteca de Ciencia Económica</subfield>
      <subfield code="a">Colección Laureano Figueroa</subfield>
      <subfield code="a">Biblioteca de ciencias comerciales, económicas y sociales</subfield>
      <subfield code="a">Colección Demos. Biblioteca de Ciencia Económica</subfield>
      <subfield code="a">Laureano Figuerola</subfield>
      <subfield code="a">Colección Laureano Figuerola</subfield>
      <subfield code="a">Demos-Bibl. de Ciencias Económicas</subfield>
      <subfield code="a">Colección demos</subfield>
      <subfield code="a">Demos-Bibl. de Ciencias Económicas</subfield>
      <subfield code="a">Obras básicas</subfield>
      <subfield code="a">Borrón y Cuenta Nueva</subfield>
      <subfield code="a">Bibl. de Ciencias Sociales</subfield>
      <subfield code="a">Sin Límites</subfield>
      <subfield code="a">Biblioteca de economía</subfield>
      <subfield code="a">Zetein-Estudios y Ensayos</subfield>
      <subfield code="a">de Ciencias Económicas. Economía y Sociedad</subfield>
      <subfield code="a">Ecología</subfield>
      <subfield code="a">Borrón y Cuenta Nueva</subfield>
      <subfield code="a">Bibl. de Ciencias Sociales. Sección Primera Economía</subfield>
      <subfield code="a">Bibl. de Ciencias Sociales. Sección Primera-Economía</subfield>
      <subfield code="a">Bibl. de Ciencias Sociales. Sección Primera-Economía</subfield>
      <subfield code="a">Bibl. de Ciencia Sociales. SecciOn Primera-Economía</subfield>
      <subfield code="a">Colección labor. Nueva serie</subfield>
      <subfield code="v">18|19|20</subfield>
    </datafield>
    <datafield tag="490" ind1=" " ind2=" ">
      <subfield code="a">Los Jefes Militares</subfield>
      <subfield code="a">Los Caudillos Argentinos</subfield>
      <subfield code="a">Colección Demos. Biblioteca de Ciencia Económica</subfield>
      <subfield code="a">Colección Laureano Figueroa</subfield>
      <subfield code="a">Biblioteca de ciencias comerciales, económicas y sociales</subfield>
      <subfield code="a">Colección Demos. Biblioteca de Ciencia Económica</subfield>
      <subfield code="a">Laureano Figuerola</subfield>
      <subfield code="a">Colección Laureano Figuerola</subfield>
      <subfield code="a">Demos-Bibl. de Ciencias Económicas</subfield>
      <subfield code="a">Colección demos</subfield>
      <subfield code="a">Demos-Bibl. de Ciencias Económicas</subfield>
      <subfield code="a">Obras básicas</subfield>
      <subfield code="a">Borrón y Cuenta Nueva</subfield>
      <subfield code="a">Bibl. de Ciencias Sociales</subfield>
      <subfield code="a">Sin Límites</subfield>
      <subfield code="a">Biblioteca de economía</subfield>
      <subfield code="a">Zetein-Estudios y Ensayos</subfield>
      <subfield code="a">de Ciencias Económicas. Economía y Sociedad</subfield>
      <subfield code="a">Ecología</subfield>
      <subfield code="a">Borrón y Cuenta Nueva</subfield>
      <subfield code="a">Bibl. de Ciencias Sociales. Sección Primera Economía</subfield>
      <subfield code="a">Bibl. de Ciencias Sociales. Sección Primera-Economía</subfield>
      <subfield code="a">Bibl. de Ciencias Sociales. Sección Primera-Economía</subfield>
      <subfield code="a">Bibl. de Ciencia Sociales. SecciOn Primera-Economía</subfield>
      <subfield code="a">Colección labor. Nueva serie</subfield>
      <subfield code="v">18|19|20</subfield>
    </datafield>
    <datafield tag="440" ind1=" " ind2=" ">
      <subfield code="v">18|19|20</subfield>
    </datafield>
    <datafield tag="490" ind1=" " ind2=" ">
      <subfield code="v">18|19|20</subfield>
    </datafield>
    <datafield tag="650" ind1=" " ind2=" ">
      <subfield code="a">HISTORIA DEL ARTE</subfield>
    </datafield>
    <datafield tag="650" ind1=" " ind2=" ">
      <subfield code="a">HISTORIA DE LA LITERATURA</subfield>
    </datafield>
    <datafield tag="650" ind1=" " ind2=" ">
      <subfield code="a">PREHISTORIA</subfield>
    </datafield>
    <datafield tag="650" ind1=" " ind2=" ">
      <subfield code="a">EDAD MEDIA</subfield>
    </datafield>
    <datafield tag="650" ind1=" " ind2=" ">
      <subfield code="a">RENACIMIENTO</subfield>
    </datafield>
    <datafield tag="650" ind1=" " ind2=" ">
      <subfield code="a">MANIERISMO</subfield>
    </datafield>
    <datafield tag="650" ind1=" " ind2=" ">
      <subfield code="a">BARROCO</subfield>
    </datafield>
    <datafield tag="650" ind1=" " ind2=" ">
      <subfield code="a">NATURALISMO E IMPRESIONISMO</subfield>
    </datafield>
    <datafield tag="942" ind1=" " ind2=" ">
      <subfield code="c">BK</subfield>
    </datafield>
    <datafield tag="952" ind1=" " ind2=" ">
      <subfield code="a">BIB_RECT</subfield>
      <subfield code="b">BIB_UARG</subfield>
      <subfield code="d">2006-08-28</subfield>
      <subfield code="y">BK</subfield>
      <subfield code="p">05-06938</subfield>
      <subfield code="i">05-06938</subfield>
      <subfield code="g">0</subfield>
      <subfield code="o">7.03 H376h21</subfield>
      <subfield code="e"/>
      <subfield code="8">CG</subfield>
    </datafield>
    <datafield tag="952" ind1=" " ind2=" ">
      <subfield code="a">BIB_RECT</subfield>
      <subfield code="b">BIB_UARG</subfield>
      <subfield code="d">2006-08-28</subfield>
      <subfield code="y">BK</subfield>
      <subfield code="p">05-06939</subfield>
      <subfield code="i">05-06939</subfield>
      <subfield code="g">0</subfield>
      <subfield code="o">7.03 H376h21</subfield>
      <subfield code="e"/>
      <subfield code="8">CG</subfield>
    </datafield>
    <datafield tag="952" ind1=" " ind2=" ">
      <subfield code="a">BIB_RECT</subfield>
      <subfield code="b">BIB_UARG</subfield>
      <subfield code="d">2006-08-28</subfield>
      <subfield code="y">BK</subfield>
      <subfield code="p">05-07126</subfield>
      <subfield code="i">05-07126</subfield>
      <subfield code="g">0</subfield>
      <subfield code="o">7.03 H376h21</subfield>
      <subfield code="e"/>
      <subfield code="8">CG</subfield>
    </datafield>
  </record>