
  <record>
    <leader>01000aam  22002601a 4500</leader>
    <controlfield tag="001">YPZ6931</controlfield>
    <controlfield tag="003">YPZ</controlfield>
    <controlfield tag="005">200607241152590</controlfield>
    <controlfield tag="008">060724|###########||||||b||||||||||spa|d</controlfield>
    <datafield tag="020" ind1=" " ind2=" ">
      <subfield code="a">8474231477</subfield>
    </datafield>
    <datafield tag="040" ind1=" " ind2=" ">
      <subfield code="c">SIUNPA</subfield>
    </datafield>
    <datafield tag="041" ind1=" " ind2=" ">
      <subfield code="a">spa</subfield>
    </datafield>
    <datafield tag="044" ind1=" " ind2=" ">
      <subfield code="a">ES</subfield>
    </datafield>
    <datafield tag="080" ind1=" " ind2=" ">
      <subfield code="a">930.2 C268i4</subfield>
    </datafield>
    <datafield tag="100" ind1=" " ind2=" ">
      <subfield code="a">Cardoso, Ciro Flamarión.</subfield>
    </datafield>
    <datafield tag="245" ind1=" " ind2=" ">
      <subfield code="a">Introducción al trabajo de la investigación histórica</subfield>
      <subfield code="b"> : conocimiento, método e historia</subfield>
    </datafield>
    <datafield tag="250" ind1=" " ind2=" ">
      <subfield code="a">4a ed.</subfield>
    </datafield>
    <datafield tag="260" ind1=" " ind2=" ">
      <subfield code="a">Barcelona</subfield>
      <subfield code="b"> : Crítica</subfield>
      <subfield code="c"> , 1989</subfield>
    </datafield>
    <datafield tag="440" ind1=" " ind2=" ">
      <subfield code="a">Antropología y folklore</subfield>
      <subfield code="a">Argentinos en las Artes</subfield>
      <subfield code="a">Colección ensayos</subfield>
      <subfield code="a">Cuadernos. Bibl. del Sesquincenario</subfield>
      <subfield code="a">Ensayos Jurídicos XXIV</subfield>
      <subfield code="a">Ecología</subfield>
      <subfield code="a">Estudios y ensayos</subfield>
      <subfield code="v">76</subfield>
    </datafield>
    <datafield tag="490" ind1=" " ind2=" ">
      <subfield code="a">Antropología y folklore</subfield>
      <subfield code="a">Argentinos en las Artes</subfield>
      <subfield code="a">Colección ensayos</subfield>
      <subfield code="a">Cuadernos. Bibl. del Sesquincenario</subfield>
      <subfield code="a">Ensayos Jurídicos XXIV</subfield>
      <subfield code="a">Ecología</subfield>
      <subfield code="a">Estudios y ensayos</subfield>
      <subfield code="v">76</subfield>
    </datafield>
    <datafield tag="650" ind1=" " ind2=" ">
      <subfield code="a"> HISTORIA</subfield>
    </datafield>
    <datafield tag="650" ind1=" " ind2=" ">
      <subfield code="a"> HISTORIOGRAFIA</subfield>
    </datafield>
    <datafield tag="650" ind1=" " ind2=" ">
      <subfield code="a"> METODOLOGIA DE LA INVESTIGACION</subfield>
    </datafield>
    <datafield tag="942" ind1=" " ind2=" ">
      <subfield code="c">BK</subfield>
    </datafield>
    <datafield tag="952" ind1=" " ind2=" ">
      <subfield code="a">BIB_RECT</subfield>
      <subfield code="b">BIB_UARG</subfield>
      <subfield code="d">2006-08-28</subfield>
      <subfield code="y">BK</subfield>
      <subfield code="p">05-07051</subfield>
      <subfield code="i">05-07051</subfield>
      <subfield code="g"/>
      <subfield code="o">930.2 C268i4</subfield>
      <subfield code="e">RECTORADO/91</subfield>
      <subfield code="8">CG</subfield>
    </datafield>
  </record>