
  <record>
    <leader>01000aam  22002601a 4500</leader>
    <controlfield tag="001">YPZ6965</controlfield>
    <controlfield tag="003">YPZ</controlfield>
    <controlfield tag="005">200607241152590</controlfield>
    <controlfield tag="008">060724|###########||||||b||||||||||spa|d</controlfield>
    <datafield tag="040" ind1=" " ind2=" ">
      <subfield code="c">SIUNPA</subfield>
    </datafield>
    <datafield tag="041" ind1=" " ind2=" ">
      <subfield code="a">spa</subfield>
    </datafield>
    <datafield tag="044" ind1=" " ind2=" ">
      <subfield code="a">AR</subfield>
    </datafield>
    <datafield tag="080" ind1=" " ind2=" ">
      <subfield code="a">316.7 M719s</subfield>
    </datafield>
    <datafield tag="100" ind1=" " ind2=" ">
      <subfield code="a">Moles Abraham A..</subfield>
    </datafield>
    <datafield tag="245" ind1=" " ind2=" ">
      <subfield code="a">Sociodinámica de la cultura</subfield>
      <subfield code="c"> / versión castellana de; Aizenman. Víctor</subfield>
    </datafield>
    <datafield tag="250" ind1=" " ind2=" ">
      <subfield code="a">1a. ed</subfield>
    </datafield>
    <datafield tag="260" ind1=" " ind2=" ">
      <subfield code="a">Buenos Aires</subfield>
      <subfield code="b"> : Paidós</subfield>
      <subfield code="c"> , 1978</subfield>
    </datafield>
    <datafield tag="300" ind1=" " ind2=" ">
      <subfield code="a">334 p. : </subfield>
      <subfield code="b">il. ; </subfield>
    </datafield>
    <datafield tag="440" ind1=" " ind2=" ">
      <subfield code="a">Colección comunicación y cultura</subfield>
      <subfield code="a">Colección el mamífero parlante. Serie menor</subfield>
      <subfield code="a">Lengua y estudios literarios</subfield>
      <subfield code="a">Sección de obras de lenguas y estudios literarios</subfield>
      <subfield code="a">Sección de obras de política</subfield>
      <subfield code="a">El Mamífero Parlante - Serie Mayor</subfield>
      <subfield code="a">Colección política turística</subfield>
      <subfield code="a">Biblioteca de psicología y sociología aplicadas. Serie fundamental</subfield>
      <subfield code="v">19</subfield>
    </datafield>
    <datafield tag="490" ind1=" " ind2=" ">
      <subfield code="a">Colección comunicación y cultura</subfield>
      <subfield code="a">Colección el mamífero parlante. Serie menor</subfield>
      <subfield code="a">Lengua y estudios literarios</subfield>
      <subfield code="a">Sección de obras de lenguas y estudios literarios</subfield>
      <subfield code="a">Sección de obras de política</subfield>
      <subfield code="a">El Mamífero Parlante - Serie Mayor</subfield>
      <subfield code="a">Colección política turística</subfield>
      <subfield code="a">Biblioteca de psicología y sociología aplicadas. Serie fundamental</subfield>
      <subfield code="v">19</subfield>
    </datafield>
    <datafield tag="440" ind1=" " ind2=" ">
      <subfield code="v">19</subfield>
    </datafield>
    <datafield tag="490" ind1=" " ind2=" ">
      <subfield code="v">19</subfield>
    </datafield>
    <datafield tag="650" ind1=" " ind2=" ">
      <subfield code="a">SOCIOLOGIA</subfield>
    </datafield>
    <datafield tag="650" ind1=" " ind2=" ">
      <subfield code="a">SOCIOLOGIA CULTURAL</subfield>
    </datafield>
    <datafield tag="650" ind1=" " ind2=" ">
      <subfield code="a">CULTURA</subfield>
    </datafield>
    <datafield tag="942" ind1=" " ind2=" ">
      <subfield code="c">BK</subfield>
    </datafield>
    <datafield tag="952" ind1=" " ind2=" ">
      <subfield code="a">BIB_RECT</subfield>
      <subfield code="b">BIB_UARG</subfield>
      <subfield code="d">2006-08-28</subfield>
      <subfield code="y">BK</subfield>
      <subfield code="p">05-07086</subfield>
      <subfield code="i">05-07086</subfield>
      <subfield code="g"/>
      <subfield code="o">316.7 M719s</subfield>
      <subfield code="e"/>
      <subfield code="8">CG</subfield>
    </datafield>
  </record>